<!DOCTYPE html>
<html lang="en">
<head>
    <meta charset="utf-8">
    <meta http-equiv="X-UA-Compatible" content="IE=edge">
    <meta name="viewport" content="width=device-width, initial-scale=1.0">

    <title>Duty Free &amp; Travel Value shopping for flight passengers | Heinemann Shop</title>

    <meta name="keywords">
<meta name="description" content="Heinemann Duty Free &amp; Travel Value Online Shop &#9992; Premium Products &#10003; Top Brands &#10003; Discover &raquo; Buy &rArr; Home Delivery or Pick Up at the airport">
<meta name="robots" content="index,follow">
<meta property="og:site_name" content=""/>
    <meta property="og:title" content="Duty Free &amp; Travel Value shopping for flight passengers | Heinemann Shop"/>
    <meta property="og:image"
                  content="https://www.heinemann-shop.com/_ui/20250325002051/responsive/theme-gh/svg/icon-webshop-logo.svg"/>
        <meta property="og:locale" content="en"/>
    <meta property="og:url" content="https://www.heinemann-shop.com/en/global/"/>
        <meta property="og:description" content="Heinemann Duty Free & Travel Value Online Shop ✈ Premium Products ✓ Top Brands ✓ Discover » Buy ⇒ Home Delivery or Pick Up at the airport"/>
                <link rel="icon" type="image/png" href="/_ui/20250325002051/responsive/common/media/favicons/favicon-96x96.png" sizes="96x96"/>
    <link rel="icon" type="image/svg+xml" href="/_ui/20250325002051/responsive/common/media/favicons/favicon.svg"/>
    <link rel="shortcut icon" href="/_ui/20250325002051/responsive/common/media/favicons/favicon.ico"/>
    <link rel="apple-touch-icon" sizes="180x180" href="/_ui/20250325002051/responsive/common/media/favicons/apple-touch-icon.png"/>
    <link rel="manifest" href="/_ui/20250325002051/responsive/common/media/favicons/site.webmanifest"/>

    <link rel="canonical" href="https://www.heinemann-shop.com/en/global/"/>
    <link rel="alternate" href="https://www.heinemann-shop.com/en/global/" hreflang="x-default"/>
    <link rel="alternate" href="https://www.heinemann-shop.com/de/global/" hreflang="de"/>
    <link rel="alternate" href="https://www.heinemann-shop.com/en/global/" hreflang="en"/>
    <link rel="preload" href="/_ui/20250325002051/responsive/theme-gh/fonts/ubuntu-l.woff" as="font" crossorigin="anonymous">
		<link rel="preload" href="/_ui/20250325002051/responsive/theme-gh/fonts/ubuntu-r.woff" as="font" crossorigin="anonymous">
		<link rel="preload" href="/_ui/20250325002051/responsive/theme-gh/fonts/ubuntu-m.woff" as="font" crossorigin="anonymous">
		<link rel="preload" href="/_ui/20250325002051/responsive/theme-gh/fonts/ubuntu-b.woff" as="font" crossorigin="anonymous">
		<link rel="stylesheet" type="text/css" media="all" href="/_ui/20250325002051/responsive/theme-gh/styles/main.css?smart=true"/>
		<link rel="stylesheet" type="text/css" media="all" href="/_ui/20250325002051/addons/ghassistedserviceaddon/responsive/common/css/ghassistedserviceaddon.css"/>
		<link rel="stylesheet" type="text/css" media="all" href="/_ui/20250325002051/addons/ghassistedserviceaddon/responsive/common/css/storeFinder.css"/>
		<link rel="stylesheet" type="text/css" media="all" href="/_ui/20250325002051/addons/hybrisanalyticsaddon/responsive/common/css/hybrisanalyticsaddon.css"/>
		<link rel="stylesheet" type="text/css" media="all" href="/_ui/20250325002051/addons/mastercardwebaddon/responsive/common/css/mastercardwebaddon.css"/>
		<link rel="stylesheet" type="text/css" media="all" href="/_ui/20250325002051/addons/messagesourceaddon/responsive/common/css/messagesourceaddon.css"/>
		<link rel="stylesheet" type="text/css" media="all" href="/_ui/20250325002051/addons/smarteditaddon/responsive/common/css/smarteditaddon.css"/>
		










<script>
    class ConsentAwareDataLayer extends Array {

        constructor() {
            super();
            this.preConsentEvents = [];
            this.consentFound = false;
        }

        push(...argument) {
            let event = argument[0];

            if (this.consentFound === false && event.event === 'consent_status' && event['Google Analytics 4'] === true) {
                this.consentFound = true;
            }

            if (!this.consentFound && this.isCustomDataLayerPush(event)) {
                this.preConsentEvents.push(event);
            } else {
                super.push(event);
                if (this.consentFound === true) {
                    this.pushDelayedEvents();
                }
            }
        }

        isCustomDataLayerPush(event) {
            return event.ecommerce != null
                || event.event === 'set_basic_attributes'
                || event.event === 'LeadGeneration';
        }

        pushDelayedEvents() {
            for (let event of this.preConsentEvents) {
                super.push(event);
            }
            this.preConsentEvents = [];
        }
    }

    window.dataLayer = window.dataLayer || new ConsentAwareDataLayer();
</script>
<!-- Start VWO Async SmartCode -->
    <link rel="preconnect" href="https://dev.visualwebsiteoptimizer.com"/>
    <script type='text/javascript' id='vwoCode'>
        window._vwo_code || (function () {
            var account_id = 857232,
                version = 2.0,
                settings_tolerance = 2000,
                hide_element = 'body',
                hide_element_style = 'opacity:0 !important;filter:alpha(opacity=0) !important;background:none !important',
                /* DO NOT EDIT BELOW THIS LINE */
                f = false, w = window, d = document, v = d.querySelector('#vwoCode'),
                cK = '_vwo_' + account_id + '_settings', cc = {};
            try {
                var c = JSON.parse(localStorage.getItem('_vwo_' + account_id + '_config'));
                cc = c && typeof c === 'object' ? c : {}
            } catch (e) {
            }
            var stT = cc.stT === 'session' ? w.sessionStorage : w.localStorage;
            code = {
                use_existing_jquery: function () {
                    return typeof use_existing_jquery !== 'undefined' ? use_existing_jquery : undefined
                }, library_tolerance: function () {
                    return typeof library_tolerance !== 'undefined' ? library_tolerance : undefined
                }, settings_tolerance: function () {
                    return cc.sT || settings_tolerance
                }, hide_element_style: function () {
                    return '{' + (cc.hES || hide_element_style) + '}'
                }, hide_element: function () {
                    return typeof cc.hE === 'string' ? cc.hE : hide_element
                }, getVersion: function () {
                    return version
                }, finish: function () {
                    if (!f) {
                        f = true;
                        var e = d.getElementById('_vis_opt_path_hides');
                        if (e) e.parentNode.removeChild(e)
                    }
                }, finished: function () {
                    return f
                }, load: function (e) {
                    var t = this.getSettings(), n = d.createElement('script'), i = this;
                    if (t) {
                        n.textContent = t;
                        d.getElementsByTagName('head')[0].appendChild(n);
                        if (!w.VWO || VWO.caE) {
                            stT.removeItem(cK);
                            i.load(e)
                        }
                    } else {
                        n.fetchPriority = 'high';
                        n.src = e;
                        n.type = 'text/javascript';
                        n.onerror = function () {
                            _vwo_code.finish()
                        };
                        d.getElementsByTagName('head')[0].appendChild(n)
                    }
                }, getSettings: function () {
                    try {
                        var e = stT.getItem(cK);
                        if (!e) {
                            return
                        }
                        e = JSON.parse(e);
                        if (Date.now() > e.e) {
                            stT.removeItem(cK);
                            return
                        }
                        return e.s
                    } catch (e) {
                        return
                    }
                }, init: function () {
                    if (d.URL.indexOf('__vwo_disable__') > -1) return;
                    var e = this.settings_tolerance();
                    w._vwo_settings_timer = setTimeout(function () {
                        _vwo_code.finish();
                        stT.removeItem(cK)
                    }, e);
                    var t = d.currentScript, n = d.createElement('style'), i = this.hide_element(),
                        r = t && !t.async && i ? i + this.hide_element_style() : '',
                        c = d.getElementsByTagName('head')[0];
                    n.setAttribute('id', '_vis_opt_path_hides');
                    v && n.setAttribute('nonce', v.nonce);
                    n.setAttribute('type', 'text/css');
                    if (n.styleSheet) n.styleSheet.cssText = r; else n.appendChild(d.createTextNode(r));
                    c.appendChild(n);
                    this.load('https://dev.visualwebsiteoptimizer.com/j.php?a=' + account_id + '&u=' + encodeURIComponent(d.URL) + '&vn=' + version)
                }
            };
            w._vwo_code = code;
            code.init();
        })();
    </script>
    <!-- End VWO Async SmartCode -->

<link rel="preconnect" href="//app.usercentrics.eu">
    <link rel="preconnect" href="//api.usercentrics.eu">
    <link rel="preload" href="//app.usercentrics.eu/browser-ui/latest/loader.js" as="script">

    <script type="text/javascript">
        let settings = window.localStorage.getItem('uc_settings');
        if (settings != null) {
            let settingsJson = JSON.parse(settings);
            settingsJson.language = 'en';
            window.localStorage.setItem('uc_settings', JSON.stringify(settingsJson));
        }
    </script>
    <script id="usercentrics-cmp" data-settings-id="t3I8JA9sV" src="https://app.usercentrics.eu/browser-ui/latest/loader.js" async></script>
    <meta data-privacy-proxy-server="https://privacy-proxy-server.usercentrics.eu">















    
    
        
    
    



    
    
        
    




<script>
    window.dataLayer = window.dataLayer || [];
    window.dataLayer.push({
        'user_attributes': {
            'user_id': null,
            'registration_status_shop': 'Anonymous',
            'login_status': 'Not logged in',
            'hme_membership': 'Non-Member',
            'hme_member_id': null
        },
        'asset_attributes': {
            'callLocation': 'web',
            'country': 'DE',
            'language': 'en'
        },
        'session_attributes': {
            'point_of_sale': '',
            'delivery_type': ''
        },
        'page_attributes': {
            'page_type': 'ContentPage'
        },
        'event': 'set_basic_attributes'
    });
</script>
<script type="text/plain"data-usercentrics="Google Tag Manager">
    try {
        (function (w, d, s, l, i) {
            w[l] = w[l] || [];
            w[l].push({
                'gtm.start':
                    new Date().getTime(), event: 'gtm.js'
            });
            var f = d.getElementsByTagName(s)[0],
                j = d.createElement(s), dl = l != 'dataLayer' ? '&l=' + l : '';
            j.async = true;
            j.src =
                'https://www.googletagmanager.com/gtm.js?id=' + i + dl;
            f.parentNode.insertBefore(j, f);
        })(window, document, 'script', 'dataLayer', 'GTM-N24B4HS');
    } catch (e) {
        console.log("GTM Error:", e);
    }
</script>
<script type="text/javascript" src="/_ui/20250325002051/shared/js/analyticsmediator.js"></script>
<script>
	function logEvent(name, params) {
		if (!name) {
			return;
		}

		if (window.AnalyticsWebInterface) {
			// Call Android interface
			window.AnalyticsWebInterface.logEvent(name, JSON.stringify(params));
		} else if (window.webkit
			&& window.webkit.messageHandlers
			&& window.webkit.messageHandlers.firebase) {
			// Call iOS interface
			var message = {
				command: 'logEvent',
				name: name,
				parameters: params
			};
			window.webkit.messageHandlers.firebase.postMessage(message);
		} else {
			// No Android or iOS interface found
			console.debug("Could not log event '%s': No native APIs found. Parameters: ", name, JSON.stringify(params));
		}
	}
</script><script type="application/javascript" src="//cdn.evgnet.com/beacon/e55685555557k3qrd3n3n3r081551693/engage/scripts/evergage.min.js"></script>
    <script src="https://static.heyflow.com/widget/latest/webview.js"></script>

    <!-- prev / next urls for pagination -->
    </head>

<!-- Compile css classes for the body tag which should be set based on certain conditions -->
<body class="gbh-rd page-page-0000746L pageType-ContentPage template-pages-layout-homePage2024 pageLabel-homepage smartedit-page-uid-page_0000746L smartedit-page-uuid-eyJpdGVtSWQiOiJwYWdlXzAwMDA3NDZMIiwiY2F0YWxvZ0lkIjoiZ2hDb250ZW50Q2F0YWxvZyIsImNhdGFsb2dWZXJzaW9uIjoiT25saW5lIn0= smartedit-catalog-version-uuid-ghContentCatalog/Online  language-en" itemscope
      itemtype="http://schema.org/WebPage">
<!-- BEGIN Google Tag Manager NoScript -->
<noscript>
	<iframe src="//www.googletagmanager.com/ns.html?id=GTM-N24B4HS"
	        height="0" width="0" style="display:none;visibility:hidden"></iframe>
</noscript>
<!-- End Google Tag Manager NoScript --><div class="c-page">
			<div class="c-header-basic__affix-container js-header-basic__affix-container" data-header>
        <div class="yCmsContentSlot container util-z-1 js-preheader-component">
<div class="content"><style type="text/css">div.c-article-list-item__price-message, div.c-article-tile__strike-price, div.article-details__strike-price, div#price-saving-label, div#strike-price-label, div.c-article-cart-entry__strike-price, div.c-article-order-overview__strike-price, span.c-article-order-overview__strike-price, span.c-article-cart-entry__strike-price {display: none;}</style></div><div class="content"><style type="text/css">.c-header-mobile-navigation__view--level-0-content div:nth-child(3) a.c-header-navigation__nav-link { color: #E00019; }</style>      <style type="text/css">.c-header-mobile-navigation__view--level-0-content div:nth-child(3) a.c-header-navigation__nav-link { font-weight: bold; }</style>    <style type="text/css">.c-header-mobile-navigation__view--level-0-content .c-header-navigation__nav-item-group div:nth-child(3) a.c-header-navigation__nav-link { color: #000000; }</style>    <style type="text/css">.c-header-mobile-navigation__view--level-0-content .c-header-navigation__nav-item-group div:nth-child(3) a.c-header-navigation__nav-link { font-weight: normal; }</style></div><div id="consent-management-alert" data-consent-management-url="">

    <ul class="consent-management-list" role="tablist" aria-live="polite" data-behavior="accordion">

        </ul>
</div><div class="content"><div class="yCmsContentSlot container util-z-1 e-global-banner" style="background-color: #E3000F; text-align: center; padding: 0.5rem;"><span style="color: rgb(255, 255, 255);">             <b>15% Off Beauty Sets<sup>1</sup>&nbsp;with the Code: <u><span class="copy-code" id="copyText">TRAVEL15</span></u></b>         </span></div>      <p><script>document.getElementById('copyText').addEventListener('click', function() {             const code = document.getElementById('copyText').innerText;             navigator.clipboard.writeText(code).then(function() {                 alert('Code copied to clipboard!');             }, function(err) {                 console.error('Error while copying: ', err);             });         });</script></p></div></div><header class="c-header-basic" itemscope itemtype="http://schema.org/WPHeader">

            <div class="c-header-basic__inner-container">
                <div class="c-header-basic__nav-mobile-container ">
	<button class="button--nude c-header-function-menu" data-mobilenav-trigger="1" data-tracking-burger-menu="">
		<span class="c-header-function-menu__icon-container js-burgermenu">
			<svg class="icon icon-menu" width="36px" height="22px" viewBox="0 0 36 22" version="1.1" xmlns="http://www.w3.org/2000/svg" xmlns:xlink="http://www.w3.org/1999/xlink">
	<g stroke="none" stroke-width="1" fill="none" fill-rule="evenodd">
		<g fill-rule="nonzero" fill="#787573">
			<rect x="0" y="20" width="36" height="1.5"></rect>
			<rect x="0" y="10.25" width="36" height="1.5"></rect>
			<rect x="0" y="0.5" width="36" height="1.5"></rect>
		</g>
	</g>
</svg>
</span>
		<span class="c-header-function-menu__icon-container c-header-mobile-navigation__close-cross js-closemenu" style="display: none;">
			<svg class="icon icon-times" width="19px" height="19px" viewBox="0 0 24 24" version="1.1" xmlns="http://www.w3.org/2000/svg" xmlns:xlink="http://www.w3.org/1999/xlink">
	<g stroke="none" stroke-width="1" fill="none" fill-rule="evenodd">
		<polygon fill="#787573" fill-rule="nonzero" points="23.69 1.06 22.63 0 11.84 10.78 1.06 0 0 1.06 10.78 11.84 0 22.62 1.06 23.68 11.84 12.9 22.63 23.68 23.69 22.62 12.9 11.84"></polygon>
	</g>
</svg>
</span>
		<span class="c-header-function-menu__label">
			Menu</span>
	</button>
</div>
<div class="c-header-basic__logo-container">
                        <div class="yCmsComponent e-webshop-logo">
<div class="banner__component banner">
	<a href="/en/global/">
				<picture>
					<source srcset="" media="(max-width: 699px)">
					<img src="/medias/Heinemann-Duty-Free-Travel-Value-Logo.svg?context=bWFzdGVyfGltYWdlc3wxNjIxMXxpbWFnZS9zdmcreG1sfGFEZ3dMMmd4Tnk4eE1EZzNNekF3TVRNME5UQTFOQzlJWldsdVpXMWhibTRnUkhWMGVTQkdjbVZsSUNZZ1ZISmhkbVZzSUZaaGJIVmxJRXh2WjI4dWMzWm58Y2Y5MjUyYTZjZjcwYmVmOTA1OTYxYWE3ZTYxOGY5YTU2NDdlZWM5MTdhNGJmMGEwYmNmN2FlMDRlNTg1MzhlYg&v=1721053184539" title="Heinemann Duty Free & Travel Value Logo.svg" alt="Heinemann Duty Free & Travel Value Logo.svg">
				</picture>
			</a>
		</div></div></div>
                <div class="c-header-basic__search-container">
                    <form class="c-header-function-search" name="search_form_SearchBox" method="get" action="/en/global/search/">

	<input class="c-header-function-search__input-field" id="searchSearchBoxdesktop" type="search" name="text"
		       value='' placeholder="Enter search term…" autocomplete="off"
		
		       data-suggest
		       data-suggest-ajax-endpoint="/en/global/search/autocomplete/SearchBox"
		       data-suggest-min-char="3"
		
		>

		<button class="c-header-function-search__clear button button--icon-only js-search-clear" data-clear-input="#searchSearchBoxdesktop" type="button">
			<svg class="icon icon-close" width="62px" height="24px" viewBox="0 0 24 24" version="1.1" xmlns="http://www.w3.org/2000/svg" xmlns:xlink="http://www.w3.org/1999/xlink">
	<g stroke="none" stroke-width="1" fill="none" fill-rule="evenodd">
		<g fill-rule="nonzero" fill="#000000">
			<polygon points="23.85 1.21 22.79 0.15 12 10.93 1.22 0.15 0.16 1.21 10.94 11.99 0.16 22.77 1.22 23.83 12 13.05 22.79 23.83 23.85 22.77 13.06 11.99"></polygon>
		</g>
	</g>
</svg>
</button>
	<button class="c-header-function-search__search-button button button--icon-only">
			<svg class="icon icon-search" width="24px" height="24px" viewBox="0 0 24 24" version="1.1" xmlns="http://www.w3.org/2000/svg" xmlns:xlink="http://www.w3.org/1999/xlink">
    <g stroke="none" stroke-width="1" fill="none" fill-rule="evenodd">
        <g fill="#787573" fill-rule="nonzero">
            <path d="M23.1,20.5 L16.6,13.9 C19.1,10.1 18.3,5 14.7,2.1 C11.1,-0.8 6,-0.5 2.8,2.8 C-0.4,6.1 -0.7,11.2 2.2,14.7 C5.1,18.2 10.2,19.1 14,16.6 L20.5,23.1 C21,23.6 21.6,23.8 22.3,23.7 C23,23.6 23.5,23 23.7,22.4 C23.8,21.7 23.6,21 23.1,20.5 Z M0.9,9 C0.9,6.1 2.4,3.5 4.9,2 C7.4,0.5 10.5,0.6 13,2 C15.5,3.4 17,6.1 17,9 C17,11.1 16.2,13.2 14.7,14.7 C13.2,16.2 11.1,17.1 9,17 C4.6,17.1 1,13.5 0.9,9 L0.9,9 Z M21.8,22.7 C21.5,22.7 21.3,22.6 21.1,22.4 L14.7,16 C15.2,15.6 15.6,15.2 16,14.7 L22.4,21.2 C22.7,21.5 22.7,21.9 22.6,22.2 C22.5,22.5 22.2,22.7 21.8,22.7 L21.8,22.7 Z"></path>
        </g>
    </g>
</svg></button>

		<section class="c-header-function-search__suggestions" data-suggest-list-container="searchSearchBoxdesktopsuggest">
		</section>

		<script type="text/template" data-suggest-list-template="searchSearchBoxdesktopsuggest">
			<ul class="c-header-function-search__list">
				<@ data.suggestions.forEach( function(item) { @>
				<li class="c-header-function-search__item" data-suggest-list-item="<@- item.term @>">
					<a href="#" class="c-header-function-search__link" data-suggest-list-link="<@- item.term @>"><@-
						item.term @></a>
					<button class="c-header-function-search__arrow-button button--icon-only" type="button"
					        data-suggest-list-trigger="<@- item.term @>">
						<svg class="icon icon-arrow" width="79px" height="79px" viewBox="0 0 79 79" version="1.1"
	 xmlns="http://www.w3.org/2000/svg">
	<g stroke="none" stroke-width="1" fill="none" fill-rule="evenodd">
		<path d="M17.2410731,68.4567624 L50.4979338,68.4567624 L50.4979338,78.5563492 L5.68434189e-14,78.5563492 L5.68434189e-14,73.5065558 L1.19015908e-13,28.0584154 L10.0995868,28.0584154 L10.0995868,61.3152761 L71.4148629,1.98951966e-13 L78.5563492,7.14148629 L17.2410731,68.4567624 Z"
			  fill="#B2B2B2"
			  transform="translate(39.278175, 39.278175) rotate(90.000000) translate(-39.278175, -39.278175) "></path>
	</g>
</svg></button>
				</li>
				<@ }); @>
			</ul>
		</script>
	</form>
</div>

                <nav class="c-header-basic__functions js-header-nav">
                    <ul data-tabs="true" class="yCmsContentSlot c-meta-nav">
<li class="c-meta-nav__item c-header-basic__function-container hoverable">
        <!--c_header_function_default_hme -->
        <a href="#" data-tab-touch-only data-ignore-mouse-click data-tab-trigger="airport"
           data-cy="airportheaderflyout">
            <button class="c-meta-nav__button">
                <svg class="c-meta-nav__icon">
                    <use xlink:href="/_ui/20250325002051/responsive/theme-gh/icons/sprite.svg#plane-light"></use>
                </svg>
                <span class="c-meta-nav__label">
							Airport Shop</span>
                    </button>
        </a>

        <div class="e-flyout e-flyout--align e-flyout--mobile-full" data-tab-target="airport">
            <div class="e-flyout__inner">
                <article class="m-hme-flyout util-no-padding-bottom util-force-height-auto util-oh">
                    <div class="e-flyout__container util-no-vertical-padding">
                        <div class="util-flex-column util-full-width">
                            <small class="util-margin-top-05"><strong>Exclusively for passengers:</strong> Home delivery or pick-up at the airport</small>
                                </div>
                    </div>

                    <div class="e-flyout__container util-no-padding-bottom">
                        <div class="util-flex-column util-full-width">
                            <div data-tabs data-tabs-accordion>
                                <button class="e-flyout__accordion-toggle" data-tab-self-contained
                                        data-tab-trigger="pos-selection-airport">Choose Airport Shop<svg class="icon icon-caret-right" width="8px" height="14px" viewBox="0 0 12 22" version="1.1" xmlns="http://www.w3.org/2000/svg" xmlns:xlink="http://www.w3.org/1999/xlink">
	<g stroke="none" stroke-width="1" fill="none" fill-rule="evenodd">
		<g fill-rule="nonzero" fill="#111516">
			<polygon points="11.29 11 1.05 0.77 0 1.82 9.16 11 0 20.18 1.05 21.23"></polygon>
		</g>
	</g>
</svg>

</button>
                                <div class="util-margin-bottom-1" data-tab-target="pos-selection-airport"
                                     style="display: none;">
                                    <div class="util-flex-column util-full-width">
                                        <small class="util-gray-40 util-margin-bottom-05 util-margin-top-1">Austria</small>
                                            <div class="e-input-radiobutton e-input-radiobutton--narrow util-margin-top-05">
                                                                <input id="grz"
                                                                       class="e-input-radiobutton__input"
                                                                       onclick="location.href = '/en/grz/'"
                                                                       type="radio" name="airport" value="grz"
                                                                       >
                                                                <label for="grz">
																	<span class="util-flex-between"
                                                                          data-pos-switch-url="/en/grz/">
																		<span class="util-fs-1">Graz</span>
																		<span class="util-fs-1">GRZ</span>
																	</span>
                                                                    <small class="util-gray-40"></small>
                                                                </label>
                                                            </div>
                                                        <div class="e-input-radiobutton e-input-radiobutton--narrow util-margin-top-05">
                                                                <input id="vie"
                                                                       class="e-input-radiobutton__input"
                                                                       onclick="location.href = '/en/vie/'"
                                                                       type="radio" name="airport" value="vie"
                                                                       >
                                                                <label for="vie">
																	<span class="util-flex-between"
                                                                          data-pos-switch-url="/en/vie/">
																		<span class="util-fs-1">Vienna International</span>
																		<span class="util-fs-1">VIE</span>
																	</span>
                                                                    <small class="util-gray-40"></small>
                                                                </label>
                                                            </div>
                                                        <div class="e-input-radiobutton e-input-radiobutton--narrow util-margin-top-05">
                                                                <input id="szg"
                                                                       class="e-input-radiobutton__input"
                                                                       onclick="location.href = '/en/szg/'"
                                                                       type="radio" name="airport" value="szg"
                                                                       >
                                                                <label for="szg">
																	<span class="util-flex-between"
                                                                          data-pos-switch-url="/en/szg/">
																		<span class="util-fs-1">W. A. Mozart Salzburg</span>
																		<span class="util-fs-1">SZG</span>
																	</span>
                                                                    <small class="util-gray-40"></small>
                                                                </label>
                                                            </div>
                                                        <small class="util-gray-40 util-margin-bottom-05 util-margin-top-1">Germany</small>
                                            <div class="e-input-radiobutton e-input-radiobutton--narrow util-margin-top-05">
                                                                <input id="ber"
                                                                       class="e-input-radiobutton__input"
                                                                       onclick="location.href = '/en/ber/'"
                                                                       type="radio" name="airport" value="ber"
                                                                       >
                                                                <label for="ber">
																	<span class="util-flex-between"
                                                                          data-pos-switch-url="/en/ber/">
																		<span class="util-fs-1">Berlin Brandenburg</span>
																		<span class="util-fs-1">BER</span>
																	</span>
                                                                    <small class="util-gray-40"></small>
                                                                </label>
                                                            </div>
                                                        <div class="e-input-radiobutton e-input-radiobutton--narrow util-margin-top-05">
                                                                <input id="dtm"
                                                                       class="e-input-radiobutton__input"
                                                                       onclick="location.href = '/en/dtm/'"
                                                                       type="radio" name="airport" value="dtm"
                                                                       >
                                                                <label for="dtm">
																	<span class="util-flex-between"
                                                                          data-pos-switch-url="/en/dtm/">
																		<span class="util-fs-1">Dortmund</span>
																		<span class="util-fs-1">DTM</span>
																	</span>
                                                                    <small class="util-gray-40"></small>
                                                                </label>
                                                            </div>
                                                        <div class="e-input-radiobutton e-input-radiobutton--narrow util-margin-top-05">
                                                                <input id="dus"
                                                                       class="e-input-radiobutton__input"
                                                                       onclick="location.href = '/en/dus/'"
                                                                       type="radio" name="airport" value="dus"
                                                                       >
                                                                <label for="dus">
																	<span class="util-flex-between"
                                                                          data-pos-switch-url="/en/dus/">
																		<span class="util-fs-1">Dusseldorf International</span>
																		<span class="util-fs-1">DUS</span>
																	</span>
                                                                    <small class="util-gray-40"></small>
                                                                </label>
                                                            </div>
                                                        <div class="e-input-radiobutton e-input-radiobutton--narrow util-margin-top-05">
                                                                <input id="fra"
                                                                       class="e-input-radiobutton__input"
                                                                       onclick="location.href = '/en/fra/'"
                                                                       type="radio" name="airport" value="fra"
                                                                       >
                                                                <label for="fra">
																	<span class="util-flex-between"
                                                                          data-pos-switch-url="/en/fra/">
																		<span class="util-fs-1">Frankfurt</span>
																		<span class="util-fs-1">FRA</span>
																	</span>
                                                                    <small class="util-gray-40"></small>
                                                                </label>
                                                            </div>
                                                        <div class="e-input-radiobutton e-input-radiobutton--narrow util-margin-top-05">
                                                                <input id="ham"
                                                                       class="e-input-radiobutton__input"
                                                                       onclick="location.href = '/en/ham/'"
                                                                       type="radio" name="airport" value="ham"
                                                                       >
                                                                <label for="ham">
																	<span class="util-flex-between"
                                                                          data-pos-switch-url="/en/ham/">
																		<span class="util-fs-1">Hamburg</span>
																		<span class="util-fs-1">HAM</span>
																	</span>
                                                                    <small class="util-gray-40"></small>
                                                                </label>
                                                            </div>
                                                        <div class="e-input-radiobutton e-input-radiobutton--narrow util-margin-top-05">
                                                                <input id="haj"
                                                                       class="e-input-radiobutton__input"
                                                                       onclick="location.href = '/en/haj/'"
                                                                       type="radio" name="airport" value="haj"
                                                                       >
                                                                <label for="haj">
																	<span class="util-flex-between"
                                                                          data-pos-switch-url="/en/haj/">
																		<span class="util-fs-1">Hanover - Hannover</span>
																		<span class="util-fs-1">HAJ</span>
																	</span>
                                                                    <small class="util-gray-40"></small>
                                                                </label>
                                                            </div>
                                                        <small class="util-gray-40 util-margin-bottom-05 util-margin-top-1">Hungary</small>
                                            <div class="e-input-radiobutton e-input-radiobutton--narrow util-margin-top-05">
                                                                <input id="bud"
                                                                       class="e-input-radiobutton__input"
                                                                       onclick="location.href = '/en/bud/'"
                                                                       type="radio" name="airport" value="bud"
                                                                       >
                                                                <label for="bud">
																	<span class="util-flex-between"
                                                                          data-pos-switch-url="/en/bud/">
																		<span class="util-fs-1">Budapest Ferenc Liszt International</span>
																		<span class="util-fs-1">BUD</span>
																	</span>
                                                                    <small class="util-gray-40"></small>
                                                                </label>
                                                            </div>
                                                        <small class="util-gray-40 util-margin-bottom-05 util-margin-top-1">Italy</small>
                                            <div class="e-input-radiobutton e-input-radiobutton--narrow util-margin-top-05">
                                                                <input id="blq"
                                                                       class="e-input-radiobutton__input"
                                                                       onclick="location.href = '/en/blq/'"
                                                                       type="radio" name="airport" value="blq"
                                                                       >
                                                                <label for="blq">
																	<span class="util-flex-between"
                                                                          data-pos-switch-url="/en/blq/">
																		<span class="util-fs-1">Bologna - Guglielmo Marconi</span>
																		<span class="util-fs-1">BLQ</span>
																	</span>
                                                                    <small class="util-gray-40"></small>
                                                                </label>
                                                            </div>
                                                        </div>
                                </div>
                            </div>

                            <div data-tabs data-tabs-accordion>
                                    <button class="e-flyout__accordion-toggle" data-tab-self-contained
                                            data-tab-trigger="pos-selection-hd">Choose Home Delivery<svg class="icon icon-caret-right" width="8px" height="14px" viewBox="0 0 12 22" version="1.1" xmlns="http://www.w3.org/2000/svg" xmlns:xlink="http://www.w3.org/1999/xlink">
	<g stroke="none" stroke-width="1" fill="none" fill-rule="evenodd">
		<g fill-rule="nonzero" fill="#111516">
			<polygon points="11.29 11 1.05 0.77 0 1.82 9.16 11 0 20.18 1.05 21.23"></polygon>
		</g>
	</g>
</svg>

</button>
                                    <div class="util-margin-bottom-1 util-margin-top-1"
                                         data-tab-target="pos-selection-hd" style="display: none;">
                                        <div class="util-flex-column util-full-width">
                                            <div class="e-input-radiobutton e-input-radiobutton--narrow">
                                                    <input id="web" class="e-input-radiobutton__input"
                                                           onclick="location.href = '/en/web/'"
                                                           type="radio" name="airport" value="web"
                                                           >
                                                    <label for="web">
															<span class="util-flex-between"
                                                                  data-pos-switch-url="/en/web/">
																<span class="util-fs-1">Home Delivery</span>
															</span>
                                                    </label>
                                                    <small class="util-fs-13 util-flex-between util-margin-top-05"><p>Please note: To use our Home Delivery service, a German delivery address is required.</p></small>
                                                </div>
                                            </div>
                                    </div>
                                </div>
                            </div>
                    </div>
                </article>
            </div>
        </div>
    </li>
<li class="c-meta-nav__item c-header-basic__function-container hoverable">
			<a href="/en/global/login" data-link-if-clicked data-tab-trigger="user">
				<button class="c-meta-nav__button">
					<svg class="c-meta-nav__icon">
						<use xlink:href="/_ui/20250325002051/responsive/theme-gh/icons/sprite.svg#user-light"></use>
							</svg>
				</button>
			</a>

		<div class="e-flyout e-flyout--align" data-tab-target="user">
			<div class="e-flyout__inner">
				<div class="e-flyout__container">
					<a href="/en/global/login" class="c-button c-button--primary util-margin-bottom-05 js-tracking-button">
								Login</a>

							<a href="/en/global/registration" class="c-button c-button--tertiary c-button--text-normal js-tracking-button">
								New customer? Register now</a>

							<div class="util-show-first-child-only">
									<div class="m-hme-flyout__content-borderless util-margin-top-1" style=" height: 350px;">
		<div class="m-hme-flyout__container" style="background-image: url('/medias/01-2024-Heinemann-and-Me-Navi-Fly-out-640x1000.jpg?context=bWFzdGVyfGltYWdlc3wzMTg3MnxpbWFnZS9qcGVnfGFHVm1MMmd4T1M4eE1EY3hOelk1T0RneE9EQTNPQzh3TVMweU1ESTBYMGhsYVc1bGJXRnViaTFoYm1RdFRXVXRUbUYyYVMxR2JIa3RiM1YwWHpZME1IZ3hNREF3TG1wd1p3fGE1ZjU5YzQxOTIwNjdmNDlkMzJmYWZmODc1N2M2MDM0ODk3YWE2ZWEzOGU2ZTYzMDAwZWNlMmE2YTJmNTQzMzc&v=1717515431203');
				background-position: bottom;
				background-size: cover;
				background-repeat: no-repeat;">

			<p class="m-hme-flyout__title util-no-margin">Already a Heinemann x ME member?</p>
			<p class="m-hme-flyout__copy">Log-in here to check your COLLECT ME points balance </p>
			<div class="m-hme-flyout__button-container">
				<a href="/en/global/login" class="c-button c-button--primary c-button--block c-button--text-normal js-tracking-button" title="Login now" >Login now</a></div>
		</div>
	</div>

</div>
							</div>
			</div>
		</div>
	</li>
<li class="c-meta-nav__item c-header-basic__function-container">
        <a href="/en/global/wishlist" data-cy="wishlist">
            <button class="c-meta-nav__button">
                <svg class="c-meta-nav__icon">
                    <use xlink:href="/_ui/20250325002051/responsive/theme-gh/icons/sprite.svg#heart-light"></use>
                </svg>
                <span class="c-meta-nav__counter u-hidden js-wishlist-counter"
                      data-wishlist-count="0">
                </span>
            </button>
        </a>
    </li>
<li id="minicart" class="c-meta-nav__item c-header-basic__function-container" hx-swap-oob="">
    <a href="/en/global/cart" data-cy="minicart">
        <button class="c-meta-nav__button">
            <svg class="c-meta-nav__icon">
                <use xlink:href="/_ui/20250325002051/responsive/theme-gh/icons/sprite.svg#bag-shopping-light"></use>
            </svg>
            </button>
    </a>
</li>
</ul></nav>
            </div>

                <div class="util-hide-non-handheld  c-search-mobile-wrapper c-header-basic__inner-container c-header-basic__inner-container-spacings"
                     data-tab-target="search" data-tab-focus-search="false">
                    <form class="c-header-function-search" name="search_form_" method="get" action="/en/global/search/">

	<input class="c-header-function-search__input-field" id="searchmobile" type="search" name="text"
		       value='' placeholder="Enter search term…" autocomplete="off"
		
		       data-suggest
		       data-suggest-ajax-endpoint="/en/global/search/autocomplete/SearchBox"
		       data-suggest-min-char="3"
		
		>

		<button class="c-header-function-search__clear button button--icon-only js-search-clear" data-clear-input="#searchmobile" type="button">
			<svg class="icon icon-close" width="62px" height="24px" viewBox="0 0 24 24" version="1.1" xmlns="http://www.w3.org/2000/svg" xmlns:xlink="http://www.w3.org/1999/xlink">
	<g stroke="none" stroke-width="1" fill="none" fill-rule="evenodd">
		<g fill-rule="nonzero" fill="#000000">
			<polygon points="23.85 1.21 22.79 0.15 12 10.93 1.22 0.15 0.16 1.21 10.94 11.99 0.16 22.77 1.22 23.83 12 13.05 22.79 23.83 23.85 22.77 13.06 11.99"></polygon>
		</g>
	</g>
</svg>
</button>
	<button class="c-header-function-search__search-button button button--icon-only">
			<svg class="icon icon-search" width="24px" height="24px" viewBox="0 0 24 24" version="1.1" xmlns="http://www.w3.org/2000/svg" xmlns:xlink="http://www.w3.org/1999/xlink">
    <g stroke="none" stroke-width="1" fill="none" fill-rule="evenodd">
        <g fill="#787573" fill-rule="nonzero">
            <path d="M23.1,20.5 L16.6,13.9 C19.1,10.1 18.3,5 14.7,2.1 C11.1,-0.8 6,-0.5 2.8,2.8 C-0.4,6.1 -0.7,11.2 2.2,14.7 C5.1,18.2 10.2,19.1 14,16.6 L20.5,23.1 C21,23.6 21.6,23.8 22.3,23.7 C23,23.6 23.5,23 23.7,22.4 C23.8,21.7 23.6,21 23.1,20.5 Z M0.9,9 C0.9,6.1 2.4,3.5 4.9,2 C7.4,0.5 10.5,0.6 13,2 C15.5,3.4 17,6.1 17,9 C17,11.1 16.2,13.2 14.7,14.7 C13.2,16.2 11.1,17.1 9,17 C4.6,17.1 1,13.5 0.9,9 L0.9,9 Z M21.8,22.7 C21.5,22.7 21.3,22.6 21.1,22.4 L14.7,16 C15.2,15.6 15.6,15.2 16,14.7 L22.4,21.2 C22.7,21.5 22.7,21.9 22.6,22.2 C22.5,22.5 22.2,22.7 21.8,22.7 L21.8,22.7 Z"></path>
        </g>
    </g>
</svg></button>

		<section class="c-header-function-search__suggestions" data-suggest-list-container="searchmobilesuggest">
		</section>

		<script type="text/template" data-suggest-list-template="searchmobilesuggest">
			<ul class="c-header-function-search__list">
				<@ data.suggestions.forEach( function(item) { @>
				<li class="c-header-function-search__item" data-suggest-list-item="<@- item.term @>">
					<a href="#" class="c-header-function-search__link" data-suggest-list-link="<@- item.term @>"><@-
						item.term @></a>
					<button class="c-header-function-search__arrow-button button--icon-only" type="button"
					        data-suggest-list-trigger="<@- item.term @>">
						<svg class="icon icon-arrow" width="79px" height="79px" viewBox="0 0 79 79" version="1.1"
	 xmlns="http://www.w3.org/2000/svg">
	<g stroke="none" stroke-width="1" fill="none" fill-rule="evenodd">
		<path d="M17.2410731,68.4567624 L50.4979338,68.4567624 L50.4979338,78.5563492 L5.68434189e-14,78.5563492 L5.68434189e-14,73.5065558 L1.19015908e-13,28.0584154 L10.0995868,28.0584154 L10.0995868,61.3152761 L71.4148629,1.98951966e-13 L78.5563492,7.14148629 L17.2410731,68.4567624 Z"
			  fill="#B2B2B2"
			  transform="translate(39.278175, 39.278175) rotate(90.000000) translate(-39.278175, -39.278175) "></path>
	</g>
</svg></button>
				</li>
				<@ }); @>
			</ul>
		</script>
	</form>
</div>
            </header>

        <div class="c-suggestions" id="suggestions-wrap"></div>


        <nav class="c-header-navigation c-header-navigation-mobile-hide js-navigation-container" itemscope
     itemtype="http://schema.org/SiteNavigationElement" data-mobilenav="1">
    <div class="c-header-mobile-navigation__backdrop c-header-navigation-mobile-hide" data-mobilenav-backdrop></div>

    <div class="c-header-navigation__nav-bar-container c-header-navigation-mobile-hide" data-mobilenav-container
         data-mobilenav-current-page="0">
        <div class="c-header-navigation__nav-bar c-header-mobile-navigation__view--level-0">
            <div class="c-header-mobile-navigation__view--level-0-content">
                <div class="c-header-navigation__nav-item" data-mobilenav-page="0">
                            <a
                                            itemprop="url"
                                            href="/en/global/custom-made-categories/member-prices/c/customcat_2040/"
                                        
                                            class="c-header-navigation__nav-link js-nav-point"
                                            data-tracking-flyout-first-level="Member Prices"
                                    >
                                        <span itemprop="name">Member Prices</span>
                                    </a>
                                </div>

                    <div class="c-header-navigation__nav-item" data-mobilenav-page="0">
                            <a
                                            itemprop="url"
                                            href="/en/global/exclusives/c/ExclusiveEditions/"
                                        
                                            class="c-header-navigation__nav-link js-nav-point"
                                            data-tracking-flyout-first-level="Exclusive"
                                    >
                                        <span itemprop="name">Exclusive</span>
                                    </a>
                                </div>

                    <div class="c-header-navigation__nav-item" data-mobilenav-page="0">
                            <a itemprop="url"
                                       href="/en/global/promotions/c/eucat_11000/"
                                        
                                       class="c-header-navigation__nav-link js-header-navigation-prevent-link c-header-navigation__nav-link--arrow js-nav-point"
                                       data-mobilenav-forward
                                    >
                                        <span itemprop="name">Promotions</span>
                                        <div class="c-header-navigation__nav-link-svg-right">
                                            <svg class="icon icon-caret-right" width="8px" height="14px" viewBox="0 0 12 22" version="1.1" xmlns="http://www.w3.org/2000/svg" xmlns:xlink="http://www.w3.org/1999/xlink">
	<g stroke="none" stroke-width="1" fill="none" fill-rule="evenodd">
		<g fill-rule="nonzero" fill="#111516">
			<polygon points="11.29 11 1.05 0.77 0 1.82 9.16 11 0 20.18 1.05 21.23"></polygon>
		</g>
	</g>
</svg>

</div>
                                    </a>
                                <div class="c-header-navigation__content c-header-mobile-navigation__view--level-1"
                                     data-mobilenav-page="1">
								<span class="c-header-navigation__title">
										<button data-mobilenav-back>
											<svg class="icon icon-caret-left" width="8px" height="14px" viewBox="0 0 12 22" version="1.1" xmlns="http://www.w3.org/2000/svg" xmlns:xlink="http://www.w3.org/1999/xlink">
	<g stroke="none" stroke-width="1" fill="none" fill-rule="evenodd">
		<g fill-rule="nonzero" fill="#111516">
			<polygon points="2.84 11 12 1.82 10.95 0.77 0.71 11 10.95 21.23 12 20.18"></polygon>
		</g>
	</g>
</svg>
</button>
										Promotions</span>
                                    <div class="c-header-mobile-navigation__view--level-1-content">
                                        <div class="section section--content-width">

                                            <div class="c-header-navigation__content-inner">
                                                <ul class="c-header-navigation__col">
                                                            <li class="c-header-navigation__col-item util-medium c-header-navigation__col-item-childrenfilled">
                                                                    <a href="/en/global/promotions/special-offer/c/cat_11030/" 
                                                                               class="c-data-forward-link"
                                                                               data-tracking-flyout-second-level="Special Offer"
                                                                            >

																		<span class="c-link-text-body">
																			<span class="c-link-text-body__arrow">&rsaquo;</span>
																			<span>
																				<span class="">Special Offer</span>
																			</span>
																		</span>

                                                                            </a>
                                                                        <div data-mobilenav-page="2"
                                                                         class="c-header-mobile-navigation__view--level-2">
																	<span class="c-header-navigation__title">
																			<button data-mobilenav-back>
																				<svg class="icon icon-caret-left" width="8px" height="14px" viewBox="0 0 12 22" version="1.1" xmlns="http://www.w3.org/2000/svg" xmlns:xlink="http://www.w3.org/1999/xlink">
	<g stroke="none" stroke-width="1" fill="none" fill-rule="evenodd">
		<g fill-rule="nonzero" fill="#111516">
			<polygon points="2.84 11 12 1.82 10.95 0.77 0.71 11 10.95 21.23 12 20.18"></polygon>
		</g>
	</g>
</svg>
</button>
																			Special Offer</span>
                                                                        <div class="c-header-mobile-navigation__view--level-2-content">
                                                                            <ul class="c-header-navigation__second-col">
                                                                                <li class="c-header-navigation-desktop-hide">
                                                                                    <div class="c-header-navigation__content-appendix util-link-right-single-quotation">
                                                                                        <a href="/en/global/promotions/special-offer/c/cat_11030/"><svg class="icon icon-caret-right" width="8px" height="14px" viewBox="0 0 12 22" version="1.1" xmlns="http://www.w3.org/2000/svg" xmlns:xlink="http://www.w3.org/1999/xlink">
	<g stroke="none" stroke-width="1" fill="none" fill-rule="evenodd">
		<g fill-rule="nonzero" fill="#111516">
			<polygon points="11.29 11 1.05 0.77 0 1.82 9.16 11 0 20.18 1.05 21.23"></polygon>
		</g>
	</g>
</svg>

Show all</a>
                                                                                    </div>
                                                                                </li>
                                                                            </ul>
                                                                        </div>
                                                                    </div>
                                                                </li>
                                                            </ul>
                                                    <ul class="c-header-navigation__col">
                                                            <li class="c-header-navigation__col-item util-medium c-header-navigation__col-item-childrenfilled">
                                                                    <a data-mobilenav-forward
                                                                               href="/en/global/promotions/multi-buy/c/cat_11020/" 
                                                                               class="c-data-forward-link"
                                                                            >



																		<span class="c-header-navigation-flex">
																			<span class="c-header-navigation-mobile-hide-inline-arrow">&rsaquo;</span>
																			<span class="">
																				<span>Multi Buy</span>
																			</span>
																		</span>

                                                                                <div class="c-header-navigation__nav-link-svg-right">
                                                                                    <svg class="icon icon-caret-right" width="8px" height="14px" viewBox="0 0 12 22" version="1.1" xmlns="http://www.w3.org/2000/svg" xmlns:xlink="http://www.w3.org/1999/xlink">
	<g stroke="none" stroke-width="1" fill="none" fill-rule="evenodd">
		<g fill-rule="nonzero" fill="#111516">
			<polygon points="11.29 11 1.05 0.77 0 1.82 9.16 11 0 20.18 1.05 21.23"></polygon>
		</g>
	</g>
</svg>

</div>


                                                                            </a>
                                                                        <div data-mobilenav-page="2"
                                                                         class="c-header-mobile-navigation__view--level-2">
																	<span class="c-header-navigation__title">
																			<button data-mobilenav-back>
																				<svg class="icon icon-caret-left" width="8px" height="14px" viewBox="0 0 12 22" version="1.1" xmlns="http://www.w3.org/2000/svg" xmlns:xlink="http://www.w3.org/1999/xlink">
	<g stroke="none" stroke-width="1" fill="none" fill-rule="evenodd">
		<g fill-rule="nonzero" fill="#111516">
			<polygon points="2.84 11 12 1.82 10.95 0.77 0.71 11 10.95 21.23 12 20.18"></polygon>
		</g>
	</g>
</svg>
</button>
																			Multi Buy</span>
                                                                        <div class="c-header-mobile-navigation__view--level-2-content">
                                                                            <ul class="c-header-navigation__second-col">
                                                                                <li class="c-header-navigation__col-item">
                                                                                                <a href="/en/global/promotions/multi-buy/buy-2-and-save-up-to-20vol/c/cat_11021/" 
                                                                                                   class="c-data-forward-link-second"
                                                                                                   data-tracking-flyout-third-level="Buy 2 and save up to 20%">
																								<span class="c-header-navigation-flex">
																									<span class="c-header-navigation-arrow-right-link">&rsaquo;</span>
																									<span>
																										<span class="">
                                                                                                                Buy 2 and save up to 20%</span>
																									</span>
																								</span>
                                                                                                </a>
                                                                                            </li>
                                                                                        <li class="c-header-navigation__col-item">
                                                                                                <a href="/en/global/promotions/multi-buy/champagne-special-buy-6-save-up-to-33vol/c/cat_11025/" 
                                                                                                   class="c-data-forward-link-second"
                                                                                                   data-tracking-flyout-third-level="Champagne Special: Buy 6 - save up to 33%">
																								<span class="c-header-navigation-flex">
																									<span class="c-header-navigation-arrow-right-link">&rsaquo;</span>
																									<span>
																										<span class="">
                                                                                                                Champagne Special: Buy 6 - save up to 33%</span>
																									</span>
																								</span>
                                                                                                </a>
                                                                                            </li>
                                                                                        <li class="c-header-navigation__col-item">
                                                                                                <a href="/en/global/promotions/multi-buy/buy-6-bottles-of-a-wine-and-save-up-to-20vol/c/cat_11026/" 
                                                                                                   class="c-data-forward-link-second"
                                                                                                   data-tracking-flyout-third-level="Buy 6 bottles of a wine and save up to 20%">
																								<span class="c-header-navigation-flex">
																									<span class="c-header-navigation-arrow-right-link">&rsaquo;</span>
																									<span>
																										<span class="">
                                                                                                                Buy 6 bottles of a wine and save up to 20%</span>
																									</span>
																								</span>
                                                                                                </a>
                                                                                            </li>
                                                                                        <li class="c-header-navigation-desktop-hide">
                                                                                    <div class="c-header-navigation__content-appendix util-link-right-single-quotation">
                                                                                        <a href="/en/global/promotions/multi-buy/c/cat_11020/"><svg class="icon icon-caret-right" width="8px" height="14px" viewBox="0 0 12 22" version="1.1" xmlns="http://www.w3.org/2000/svg" xmlns:xlink="http://www.w3.org/1999/xlink">
	<g stroke="none" stroke-width="1" fill="none" fill-rule="evenodd">
		<g fill-rule="nonzero" fill="#111516">
			<polygon points="11.29 11 1.05 0.77 0 1.82 9.16 11 0 20.18 1.05 21.23"></polygon>
		</g>
	</g>
</svg>

Show all</a>
                                                                                    </div>
                                                                                </li>
                                                                            </ul>
                                                                        </div>
                                                                    </div>
                                                                </li>
                                                            </ul>
                                                    <ul class="c-header-navigation__col">
                                                            <li class="c-header-navigation__col-item util-medium c-header-navigation__col-item-childrenfilled">
                                                                    <a data-mobilenav-forward
                                                                               href="/en/global/custom-made-categories/everyday-low-price/c/customcat_1080/" 
                                                                               class="c-data-forward-link"
                                                                            >



																		<span class="c-header-navigation-flex">
																			<span class="c-header-navigation-mobile-hide-inline-arrow">&rsaquo;</span>
																			<span class="">
																				<span>Everyday Low Price</span>
																			</span>
																		</span>

                                                                                <div class="c-header-navigation__nav-link-svg-right">
                                                                                    <svg class="icon icon-caret-right" width="8px" height="14px" viewBox="0 0 12 22" version="1.1" xmlns="http://www.w3.org/2000/svg" xmlns:xlink="http://www.w3.org/1999/xlink">
	<g stroke="none" stroke-width="1" fill="none" fill-rule="evenodd">
		<g fill-rule="nonzero" fill="#111516">
			<polygon points="11.29 11 1.05 0.77 0 1.82 9.16 11 0 20.18 1.05 21.23"></polygon>
		</g>
	</g>
</svg>

</div>


                                                                            </a>
                                                                        <div data-mobilenav-page="2"
                                                                         class="c-header-mobile-navigation__view--level-2">
																	<span class="c-header-navigation__title">
																			<button data-mobilenav-back>
																				<svg class="icon icon-caret-left" width="8px" height="14px" viewBox="0 0 12 22" version="1.1" xmlns="http://www.w3.org/2000/svg" xmlns:xlink="http://www.w3.org/1999/xlink">
	<g stroke="none" stroke-width="1" fill="none" fill-rule="evenodd">
		<g fill-rule="nonzero" fill="#111516">
			<polygon points="2.84 11 12 1.82 10.95 0.77 0.71 11 10.95 21.23 12 20.18"></polygon>
		</g>
	</g>
</svg>
</button>
																			Everyday Low Price</span>
                                                                        <div class="c-header-mobile-navigation__view--level-2-content">
                                                                            <ul class="c-header-navigation__second-col">
                                                                                <li class="c-header-navigation__col-item">
                                                                                                <a href="/en/global/custom-made-categories/everyday-low-price/beauty-offers-for-19-90/c/customcat_1081/" 
                                                                                                   class="c-data-forward-link-second"
                                                                                                   data-tracking-flyout-third-level="Beauty Offers for 19,90€">
																								<span class="c-header-navigation-flex">
																									<span class="c-header-navigation-arrow-right-link">&rsaquo;</span>
																									<span>
																										<span class="">
                                                                                                                Beauty Offers for 19,90€</span>
																									</span>
																								</span>
                                                                                                </a>
                                                                                            </li>
                                                                                        <li class="c-header-navigation__col-item">
                                                                                                <a href="/en/global/custom-made-categories/everyday-low-price/beauty-offers-for-29-90/c/customcat_1082/" 
                                                                                                   class="c-data-forward-link-second"
                                                                                                   data-tracking-flyout-third-level="Beauty Offers for 29,90€">
																								<span class="c-header-navigation-flex">
																									<span class="c-header-navigation-arrow-right-link">&rsaquo;</span>
																									<span>
																										<span class="">
                                                                                                                Beauty Offers for 29,90€</span>
																									</span>
																								</span>
                                                                                                </a>
                                                                                            </li>
                                                                                        <li class="c-header-navigation__col-item">
                                                                                                <a href="/en/global/custom-made-categories/everyday-low-price/beauty-offers-for-39-90/c/customcat_1083/" 
                                                                                                   class="c-data-forward-link-second"
                                                                                                   data-tracking-flyout-third-level="Beauty Offers for 39,90€">
																								<span class="c-header-navigation-flex">
																									<span class="c-header-navigation-arrow-right-link">&rsaquo;</span>
																									<span>
																										<span class="">
                                                                                                                Beauty Offers for 39,90€</span>
																									</span>
																								</span>
                                                                                                </a>
                                                                                            </li>
                                                                                        <li class="c-header-navigation__col-item">
                                                                                                <a href="/en/global/custom-made-categories/everyday-low-price/beauty-offers-for-49-90/c/customcat_1084/" 
                                                                                                   class="c-data-forward-link-second"
                                                                                                   data-tracking-flyout-third-level="Beauty Offers for 49,90€">
																								<span class="c-header-navigation-flex">
																									<span class="c-header-navigation-arrow-right-link">&rsaquo;</span>
																									<span>
																										<span class="">
                                                                                                                Beauty Offers for 49,90€</span>
																									</span>
																								</span>
                                                                                                </a>
                                                                                            </li>
                                                                                        <li class="c-header-navigation-desktop-hide">
                                                                                    <div class="c-header-navigation__content-appendix util-link-right-single-quotation">
                                                                                        <a href="/en/global/custom-made-categories/everyday-low-price/c/customcat_1080/"><svg class="icon icon-caret-right" width="8px" height="14px" viewBox="0 0 12 22" version="1.1" xmlns="http://www.w3.org/2000/svg" xmlns:xlink="http://www.w3.org/1999/xlink">
	<g stroke="none" stroke-width="1" fill="none" fill-rule="evenodd">
		<g fill-rule="nonzero" fill="#111516">
			<polygon points="11.29 11 1.05 0.77 0 1.82 9.16 11 0 20.18 1.05 21.23"></polygon>
		</g>
	</g>
</svg>

Show all</a>
                                                                                    </div>
                                                                                </li>
                                                                            </ul>
                                                                        </div>
                                                                    </div>
                                                                </li>
                                                            </ul>
                                                    </div>
                                            <div class="c-header-navigation__content-appendix util-link-right-single-quotation">
                                                <a href="/en/global/promotions/c/eucat_11000/" 
                                                   data-tracking-flyout-show-all="Promotions"><svg class="icon icon-caret-right" width="8px" height="14px" viewBox="0 0 12 22" version="1.1" xmlns="http://www.w3.org/2000/svg" xmlns:xlink="http://www.w3.org/1999/xlink">
	<g stroke="none" stroke-width="1" fill="none" fill-rule="evenodd">
		<g fill-rule="nonzero" fill="#111516">
			<polygon points="11.29 11 1.05 0.77 0 1.82 9.16 11 0 20.18 1.05 21.23"></polygon>
		</g>
	</g>
</svg>

Show all</a>
                                            </div>
                                        </div>
                                    </div>
                                </div>
                            </div>

                    <div class="c-header-navigation__nav-item" data-mobilenav-page="0">
                            <a itemprop="url"
                                       href="/en/global/brands"
                                        
                                       class="c-header-navigation__nav-link js-header-navigation-prevent-link c-header-navigation__nav-link--arrow js-nav-point"
                                       data-mobilenav-forward
                                    >
                                        <span itemprop="name">Brands</span>
                                        <div class="c-header-navigation__nav-link-svg-right">
                                            <svg class="icon icon-caret-right" width="8px" height="14px" viewBox="0 0 12 22" version="1.1" xmlns="http://www.w3.org/2000/svg" xmlns:xlink="http://www.w3.org/1999/xlink">
	<g stroke="none" stroke-width="1" fill="none" fill-rule="evenodd">
		<g fill-rule="nonzero" fill="#111516">
			<polygon points="11.29 11 1.05 0.77 0 1.82 9.16 11 0 20.18 1.05 21.23"></polygon>
		</g>
	</g>
</svg>

</div>
                                    </a>
                                <div class="c-header-navigation__content c-header-mobile-navigation__view--level-1"
                                     data-mobilenav-page="1">
								<span class="c-header-navigation__title">
										<button data-mobilenav-back>
											<svg class="icon icon-caret-left" width="8px" height="14px" viewBox="0 0 12 22" version="1.1" xmlns="http://www.w3.org/2000/svg" xmlns:xlink="http://www.w3.org/1999/xlink">
	<g stroke="none" stroke-width="1" fill="none" fill-rule="evenodd">
		<g fill-rule="nonzero" fill="#111516">
			<polygon points="2.84 11 12 1.82 10.95 0.77 0.71 11 10.95 21.23 12 20.18"></polygon>
		</g>
	</g>
</svg>
</button>
										Brands</span>
                                    <div class="c-header-mobile-navigation__view--level-1-content">
                                        <div class="section section--content-width">

                                            <div class="c-header-navigation__content-inner">
                                                <ul class="c-header-navigation__col">
                                                            <li class="c-header-navigation__col-item util-medium c-header-navigation__col-item-childrenfilled">
                                                                    <a data-mobilenav-forward
                                                                               href="" 
                                                                               class="c-data-forward-link"
                                                                            >



																		<span class="c-header-navigation-flex">
																			<span class="c-header-navigation-mobile-hide-inline-arrow">&rsaquo;</span>
																			<span class="">
																				<span>Premium Brands</span>
																			</span>
																		</span>

                                                                                <div class="c-header-navigation__nav-link-svg-right">
                                                                                    <svg class="icon icon-caret-right" width="8px" height="14px" viewBox="0 0 12 22" version="1.1" xmlns="http://www.w3.org/2000/svg" xmlns:xlink="http://www.w3.org/1999/xlink">
	<g stroke="none" stroke-width="1" fill="none" fill-rule="evenodd">
		<g fill-rule="nonzero" fill="#111516">
			<polygon points="11.29 11 1.05 0.77 0 1.82 9.16 11 0 20.18 1.05 21.23"></polygon>
		</g>
	</g>
</svg>

</div>


                                                                            </a>
                                                                        <div data-mobilenav-page="2"
                                                                         class="c-header-mobile-navigation__view--level-2">
																	<span class="c-header-navigation__title">
																			<button data-mobilenav-back>
																				<svg class="icon icon-caret-left" width="8px" height="14px" viewBox="0 0 12 22" version="1.1" xmlns="http://www.w3.org/2000/svg" xmlns:xlink="http://www.w3.org/1999/xlink">
	<g stroke="none" stroke-width="1" fill="none" fill-rule="evenodd">
		<g fill-rule="nonzero" fill="#111516">
			<polygon points="2.84 11 12 1.82 10.95 0.77 0.71 11 10.95 21.23 12 20.18"></polygon>
		</g>
	</g>
</svg>
</button>
																			Premium Brands</span>
                                                                        <div class="c-header-mobile-navigation__view--level-2-content">
                                                                            <ul class="c-header-navigation__second-col">
                                                                                <li class="c-header-navigation__col-item">
                                                                                                <a href="/en/global/eu-brand-boutiques/chanel/c/chanel-bb-root-category/" 
                                                                                                   class="c-data-forward-link-second"
                                                                                                   data-tracking-flyout-third-level="CHANEL">
																								<span class="c-header-navigation-flex">
																									<span class="c-header-navigation-arrow-right-link">&rsaquo;</span>
																									<span>
																										<span class="">
                                                                                                                CHANEL</span>
																									</span>
																								</span>
                                                                                                </a>
                                                                                            </li>
                                                                                        <li class="c-header-navigation__col-item">
                                                                                                <a href="/en/global/eu-brand-boutiques/la-prairie/c/la-prairie-bb-root-category/" 
                                                                                                   class="c-data-forward-link-second"
                                                                                                   data-tracking-flyout-third-level="La Prairie">
																								<span class="c-header-navigation-flex">
																									<span class="c-header-navigation-arrow-right-link">&rsaquo;</span>
																									<span>
																										<span class="">
                                                                                                                La Prairie</span>
																									</span>
																								</span>
                                                                                                </a>
                                                                                            </li>
                                                                                        <li class="c-header-navigation__col-item">
                                                                                                <a href="/en/global/eu-brand-boutiques/la-mer/c/la-mer-bb-root-category/" 
                                                                                                   class="c-data-forward-link-second"
                                                                                                   data-tracking-flyout-third-level="La Mer">
																								<span class="c-header-navigation-flex">
																									<span class="c-header-navigation-arrow-right-link">&rsaquo;</span>
																									<span>
																										<span class="">
                                                                                                                La Mer</span>
																									</span>
																								</span>
                                                                                                </a>
                                                                                            </li>
                                                                                        <li class="c-header-navigation__col-item">
                                                                                                <a href="/en/global/eu-brand-boutiques/dior/c/dior-bb-root-category/" 
                                                                                                   class="c-data-forward-link-second"
                                                                                                   data-tracking-flyout-third-level="Dior">
																								<span class="c-header-navigation-flex">
																									<span class="c-header-navigation-arrow-right-link">&rsaquo;</span>
																									<span>
																										<span class="">
                                                                                                                Dior</span>
																									</span>
																								</span>
                                                                                                </a>
                                                                                            </li>
                                                                                        <li class="c-header-navigation__col-item">
                                                                                                <a href="/en/global/eu-brand-boutiques/clinique/c/clinique-bb-root-category/" 
                                                                                                   class="c-data-forward-link-second"
                                                                                                   data-tracking-flyout-third-level="Clinique">
																								<span class="c-header-navigation-flex">
																									<span class="c-header-navigation-arrow-right-link">&rsaquo;</span>
																									<span>
																										<span class="">
                                                                                                                Clinique</span>
																									</span>
																								</span>
                                                                                                </a>
                                                                                            </li>
                                                                                        <li class="c-header-navigation__col-item">
                                                                                                <a href="/en/global/eu-brand-boutiques/estee-lauder/c/estee-lauder-bb-root-category/" 
                                                                                                   class="c-data-forward-link-second"
                                                                                                   data-tracking-flyout-third-level="Estée Lauder">
																								<span class="c-header-navigation-flex">
																									<span class="c-header-navigation-arrow-right-link">&rsaquo;</span>
																									<span>
																										<span class="">
                                                                                                                Estée Lauder</span>
																									</span>
																								</span>
                                                                                                </a>
                                                                                            </li>
                                                                                        <li class="c-header-navigation__col-item">
                                                                                                <a href="/en/global/eu-brand-boutiques/tom-ford/c/tom-ford-bb-root-category/" 
                                                                                                   class="c-data-forward-link-second"
                                                                                                   data-tracking-flyout-third-level="Tom Ford">
																								<span class="c-header-navigation-flex">
																									<span class="c-header-navigation-arrow-right-link">&rsaquo;</span>
																									<span>
																										<span class="">
                                                                                                                Tom Ford</span>
																									</span>
																								</span>
                                                                                                </a>
                                                                                            </li>
                                                                                        <li class="c-header-navigation__col-item">
                                                                                                <a href="/en/global/eu-brand-boutiques/mac-cosmetics/c/mac-bb-root-category/" 
                                                                                                   class="c-data-forward-link-second"
                                                                                                   data-tracking-flyout-third-level="MAC">
																								<span class="c-header-navigation-flex">
																									<span class="c-header-navigation-arrow-right-link">&rsaquo;</span>
																									<span>
																										<span class="">
                                                                                                                MAC</span>
																									</span>
																								</span>
                                                                                                </a>
                                                                                            </li>
                                                                                        <li class="c-header-navigation-desktop-hide">
                                                                                    <div class="c-header-navigation__content-appendix util-link-right-single-quotation">
                                                                                        <a href=""><svg class="icon icon-caret-right" width="8px" height="14px" viewBox="0 0 12 22" version="1.1" xmlns="http://www.w3.org/2000/svg" xmlns:xlink="http://www.w3.org/1999/xlink">
	<g stroke="none" stroke-width="1" fill="none" fill-rule="evenodd">
		<g fill-rule="nonzero" fill="#111516">
			<polygon points="11.29 11 1.05 0.77 0 1.82 9.16 11 0 20.18 1.05 21.23"></polygon>
		</g>
	</g>
</svg>

Show all</a>
                                                                                    </div>
                                                                                </li>
                                                                            </ul>
                                                                        </div>
                                                                    </div>
                                                                </li>
                                                            </ul>
                                                    <ul class="c-header-navigation__col">
                                                            <li class="c-header-navigation__col-item util-medium c-header-navigation__col-item-childrenfilled">
                                                                    <a data-mobilenav-forward
                                                                               href="" 
                                                                               class="c-data-forward-link"
                                                                            >



																		<span class="c-header-navigation-flex">
																			<span class="c-header-navigation-mobile-hide-inline-arrow">&rsaquo;</span>
																			<span class="">
																				<span>Favourite Beauty Brands</span>
																			</span>
																		</span>

                                                                                <div class="c-header-navigation__nav-link-svg-right">
                                                                                    <svg class="icon icon-caret-right" width="8px" height="14px" viewBox="0 0 12 22" version="1.1" xmlns="http://www.w3.org/2000/svg" xmlns:xlink="http://www.w3.org/1999/xlink">
	<g stroke="none" stroke-width="1" fill="none" fill-rule="evenodd">
		<g fill-rule="nonzero" fill="#111516">
			<polygon points="11.29 11 1.05 0.77 0 1.82 9.16 11 0 20.18 1.05 21.23"></polygon>
		</g>
	</g>
</svg>

</div>


                                                                            </a>
                                                                        <div data-mobilenav-page="2"
                                                                         class="c-header-mobile-navigation__view--level-2">
																	<span class="c-header-navigation__title">
																			<button data-mobilenav-back>
																				<svg class="icon icon-caret-left" width="8px" height="14px" viewBox="0 0 12 22" version="1.1" xmlns="http://www.w3.org/2000/svg" xmlns:xlink="http://www.w3.org/1999/xlink">
	<g stroke="none" stroke-width="1" fill="none" fill-rule="evenodd">
		<g fill-rule="nonzero" fill="#111516">
			<polygon points="2.84 11 12 1.82 10.95 0.77 0.71 11 10.95 21.23 12 20.18"></polygon>
		</g>
	</g>
</svg>
</button>
																			Favourite Beauty Brands</span>
                                                                        <div class="c-header-mobile-navigation__view--level-2-content">
                                                                            <ul class="c-header-navigation__second-col">
                                                                                <li class="c-header-navigation__col-item">
                                                                                                <a href="/en/global/eu-brand-boutiques/lancome/c/lancome-bb-root-category/" 
                                                                                                   class="c-data-forward-link-second"
                                                                                                   data-tracking-flyout-third-level="Lancôme">
																								<span class="c-header-navigation-flex">
																									<span class="c-header-navigation-arrow-right-link">&rsaquo;</span>
																									<span>
																										<span class="">
                                                                                                                Lancôme</span>
																									</span>
																								</span>
                                                                                                </a>
                                                                                            </li>
                                                                                        <li class="c-header-navigation__col-item">
                                                                                                <a href="/en/global/eu-brand-boutiques/jo-malone-london/c/jomalone-bb-root-category/" 
                                                                                                   class="c-data-forward-link-second"
                                                                                                   data-tracking-flyout-third-level="Jo Malone London">
																								<span class="c-header-navigation-flex">
																									<span class="c-header-navigation-arrow-right-link">&rsaquo;</span>
																									<span>
																										<span class="">
                                                                                                                Jo Malone London</span>
																									</span>
																								</span>
                                                                                                </a>
                                                                                            </li>
                                                                                        <li class="c-header-navigation__col-item">
                                                                                                <a href="/en/global/biotherm/c/BRAND_0640/" 
                                                                                                   class="c-data-forward-link-second"
                                                                                                   data-tracking-flyout-third-level="Biotherm">
																								<span class="c-header-navigation-flex">
																									<span class="c-header-navigation-arrow-right-link">&rsaquo;</span>
																									<span>
																										<span class="">
                                                                                                                Biotherm</span>
																									</span>
																								</span>
                                                                                                </a>
                                                                                            </li>
                                                                                        <li class="c-header-navigation__col-item">
                                                                                                <a href="/en/global/shiseido/c/BRAND_2487/" 
                                                                                                   class="c-data-forward-link-second"
                                                                                                   data-tracking-flyout-third-level="Shiseido">
																								<span class="c-header-navigation-flex">
																									<span class="c-header-navigation-arrow-right-link">&rsaquo;</span>
																									<span>
																										<span class="">
                                                                                                                Shiseido</span>
																									</span>
																								</span>
                                                                                                </a>
                                                                                            </li>
                                                                                        <li class="c-header-navigation__col-item">
                                                                                                <a href="/en/global/eu-brand-boutiques/gucci/c/gucci-bb-root-category/" 
                                                                                                   class="c-data-forward-link-second"
                                                                                                   data-tracking-flyout-third-level="Gucci">
																								<span class="c-header-navigation-flex">
																									<span class="c-header-navigation-arrow-right-link">&rsaquo;</span>
																									<span>
																										<span class="">
                                                                                                                Gucci</span>
																									</span>
																								</span>
                                                                                                </a>
                                                                                            </li>
                                                                                        <li class="c-header-navigation__col-item">
                                                                                                <a href="/en/global/eu-brand-boutiques/rituals/c/eu-rituals-bb-root-category/" 
                                                                                                   class="c-data-forward-link-second"
                                                                                                   data-tracking-flyout-third-level="Rituals">
																								<span class="c-header-navigation-flex">
																									<span class="c-header-navigation-arrow-right-link">&rsaquo;</span>
																									<span>
																										<span class="">
                                                                                                                Rituals</span>
																									</span>
																								</span>
                                                                                                </a>
                                                                                            </li>
                                                                                        <li class="c-header-navigation__col-item">
                                                                                                <a href="/en/global/eu-brand-boutiques/l-occitane-en-provence/c/eu-l-occitane-bb-root-category/" 
                                                                                                   class="c-data-forward-link-second"
                                                                                                   data-tracking-flyout-third-level="L'Occitane en Provence">
																								<span class="c-header-navigation-flex">
																									<span class="c-header-navigation-arrow-right-link">&rsaquo;</span>
																									<span>
																										<span class="">
                                                                                                                L'Occitane en Provence</span>
																									</span>
																								</span>
                                                                                                </a>
                                                                                            </li>
                                                                                        <li class="c-header-navigation__col-item">
                                                                                                <a href="/en/global/eu-brand-boutiques/guerlain/c/eu_guerlain_bb_root_category/" 
                                                                                                   class="c-data-forward-link-second"
                                                                                                   data-tracking-flyout-third-level="Guerlain">
																								<span class="c-header-navigation-flex">
																									<span class="c-header-navigation-arrow-right-link">&rsaquo;</span>
																									<span>
																										<span class="">
                                                                                                                Guerlain</span>
																									</span>
																								</span>
                                                                                                </a>
                                                                                            </li>
                                                                                        <li class="c-header-navigation-desktop-hide">
                                                                                    <div class="c-header-navigation__content-appendix util-link-right-single-quotation">
                                                                                        <a href=""><svg class="icon icon-caret-right" width="8px" height="14px" viewBox="0 0 12 22" version="1.1" xmlns="http://www.w3.org/2000/svg" xmlns:xlink="http://www.w3.org/1999/xlink">
	<g stroke="none" stroke-width="1" fill="none" fill-rule="evenodd">
		<g fill-rule="nonzero" fill="#111516">
			<polygon points="11.29 11 1.05 0.77 0 1.82 9.16 11 0 20.18 1.05 21.23"></polygon>
		</g>
	</g>
</svg>

Show all</a>
                                                                                    </div>
                                                                                </li>
                                                                            </ul>
                                                                        </div>
                                                                    </div>
                                                                </li>
                                                            </ul>
                                                    <ul class="c-header-navigation__col">
                                                            <li class="c-header-navigation__col-item util-medium c-header-navigation__col-item-childrenfilled">
                                                                    <a data-mobilenav-forward
                                                                               href="" 
                                                                               class="c-data-forward-link"
                                                                            >



																		<span class="c-header-navigation-flex">
																			<span class="c-header-navigation-mobile-hide-inline-arrow">&rsaquo;</span>
																			<span class="">
																				<span>Popular Drinks</span>
																			</span>
																		</span>

                                                                                <div class="c-header-navigation__nav-link-svg-right">
                                                                                    <svg class="icon icon-caret-right" width="8px" height="14px" viewBox="0 0 12 22" version="1.1" xmlns="http://www.w3.org/2000/svg" xmlns:xlink="http://www.w3.org/1999/xlink">
	<g stroke="none" stroke-width="1" fill="none" fill-rule="evenodd">
		<g fill-rule="nonzero" fill="#111516">
			<polygon points="11.29 11 1.05 0.77 0 1.82 9.16 11 0 20.18 1.05 21.23"></polygon>
		</g>
	</g>
</svg>

</div>


                                                                            </a>
                                                                        <div data-mobilenav-page="2"
                                                                         class="c-header-mobile-navigation__view--level-2">
																	<span class="c-header-navigation__title">
																			<button data-mobilenav-back>
																				<svg class="icon icon-caret-left" width="8px" height="14px" viewBox="0 0 12 22" version="1.1" xmlns="http://www.w3.org/2000/svg" xmlns:xlink="http://www.w3.org/1999/xlink">
	<g stroke="none" stroke-width="1" fill="none" fill-rule="evenodd">
		<g fill-rule="nonzero" fill="#111516">
			<polygon points="2.84 11 12 1.82 10.95 0.77 0.71 11 10.95 21.23 12 20.18"></polygon>
		</g>
	</g>
</svg>
</button>
																			Popular Drinks</span>
                                                                        <div class="c-header-mobile-navigation__view--level-2-content">
                                                                            <ul class="c-header-navigation__second-col">
                                                                                <li class="c-header-navigation__col-item">
                                                                                                <a href="/en/global/miraval/c/BRAND_0551/" 
                                                                                                   class="c-data-forward-link-second"
                                                                                                   data-tracking-flyout-third-level="Miraval">
																								<span class="c-header-navigation-flex">
																									<span class="c-header-navigation-arrow-right-link">&rsaquo;</span>
																									<span>
																										<span class="">
                                                                                                                Miraval</span>
																									</span>
																								</span>
                                                                                                </a>
                                                                                            </li>
                                                                                        <li class="c-header-navigation__col-item">
                                                                                                <a href="/en/global/bacardi/c/BRAND_0321/" 
                                                                                                   class="c-data-forward-link-second"
                                                                                                   data-tracking-flyout-third-level="Bacardi">
																								<span class="c-header-navigation-flex">
																									<span class="c-header-navigation-arrow-right-link">&rsaquo;</span>
																									<span>
																										<span class="">
                                                                                                                Bacardi</span>
																									</span>
																								</span>
                                                                                                </a>
                                                                                            </li>
                                                                                        <li class="c-header-navigation__col-item">
                                                                                                <a href="/en/global/absolut/c/BRAND_0796/" 
                                                                                                   class="c-data-forward-link-second"
                                                                                                   data-tracking-flyout-third-level="Absolut">
																								<span class="c-header-navigation-flex">
																									<span class="c-header-navigation-arrow-right-link">&rsaquo;</span>
																									<span>
																										<span class="">
                                                                                                                Absolut</span>
																									</span>
																								</span>
                                                                                                </a>
                                                                                            </li>
                                                                                        <li class="c-header-navigation__col-item">
                                                                                                <a href="/en/global/louis-roederer/c/BRAND_0384/" 
                                                                                                   class="c-data-forward-link-second"
                                                                                                   data-tracking-flyout-third-level="Louis Roederer">
																								<span class="c-header-navigation-flex">
																									<span class="c-header-navigation-arrow-right-link">&rsaquo;</span>
																									<span>
																										<span class="">
                                                                                                                Louis Roederer</span>
																									</span>
																								</span>
                                                                                                </a>
                                                                                            </li>
                                                                                        <li class="c-header-navigation__col-item">
                                                                                                <a href="/en/global/tanqueray/c/BRAND_0282/" 
                                                                                                   class="c-data-forward-link-second"
                                                                                                   data-tracking-flyout-third-level="Tanqueray">
																								<span class="c-header-navigation-flex">
																									<span class="c-header-navigation-arrow-right-link">&rsaquo;</span>
																									<span>
																										<span class="">
                                                                                                                Tanqueray</span>
																									</span>
																								</span>
                                                                                                </a>
                                                                                            </li>
                                                                                        <li class="c-header-navigation__col-item">
                                                                                                <a href="/en/global/taittinger/c/BRAND_0693/" 
                                                                                                   class="c-data-forward-link-second"
                                                                                                   data-tracking-flyout-third-level="Taittinger">
																								<span class="c-header-navigation-flex">
																									<span class="c-header-navigation-arrow-right-link">&rsaquo;</span>
																									<span>
																										<span class="">
                                                                                                                Taittinger</span>
																									</span>
																								</span>
                                                                                                </a>
                                                                                            </li>
                                                                                        <li class="c-header-navigation__col-item">
                                                                                                <a href="/en/global/bombay/c/BRAND_0278/" 
                                                                                                   class="c-data-forward-link-second"
                                                                                                   data-tracking-flyout-third-level="Bombay">
																								<span class="c-header-navigation-flex">
																									<span class="c-header-navigation-arrow-right-link">&rsaquo;</span>
																									<span>
																										<span class="">
                                                                                                                Bombay</span>
																									</span>
																								</span>
                                                                                                </a>
                                                                                            </li>
                                                                                        <li class="c-header-navigation__col-item">
                                                                                                <a href="/en/global/anselmann/c/BRAND_4524/" 
                                                                                                   class="c-data-forward-link-second"
                                                                                                   data-tracking-flyout-third-level="Anselmann">
																								<span class="c-header-navigation-flex">
																									<span class="c-header-navigation-arrow-right-link">&rsaquo;</span>
																									<span>
																										<span class="">
                                                                                                                Anselmann</span>
																									</span>
																								</span>
                                                                                                </a>
                                                                                            </li>
                                                                                        <li class="c-header-navigation-desktop-hide">
                                                                                    <div class="c-header-navigation__content-appendix util-link-right-single-quotation">
                                                                                        <a href=""><svg class="icon icon-caret-right" width="8px" height="14px" viewBox="0 0 12 22" version="1.1" xmlns="http://www.w3.org/2000/svg" xmlns:xlink="http://www.w3.org/1999/xlink">
	<g stroke="none" stroke-width="1" fill="none" fill-rule="evenodd">
		<g fill-rule="nonzero" fill="#111516">
			<polygon points="11.29 11 1.05 0.77 0 1.82 9.16 11 0 20.18 1.05 21.23"></polygon>
		</g>
	</g>
</svg>

Show all</a>
                                                                                    </div>
                                                                                </li>
                                                                            </ul>
                                                                        </div>
                                                                    </div>
                                                                </li>
                                                            </ul>
                                                    <ul class="c-header-navigation__col">
                                                            <li class="c-header-navigation__col-item util-medium c-header-navigation__col-item-childrenfilled">
                                                                    <a data-mobilenav-forward
                                                                               href="" 
                                                                               class="c-data-forward-link"
                                                                            >



																		<span class="c-header-navigation-flex">
																			<span class="c-header-navigation-mobile-hide-inline-arrow">&rsaquo;</span>
																			<span class="">
																				<span>Top Whisky Brands</span>
																			</span>
																		</span>

                                                                                <div class="c-header-navigation__nav-link-svg-right">
                                                                                    <svg class="icon icon-caret-right" width="8px" height="14px" viewBox="0 0 12 22" version="1.1" xmlns="http://www.w3.org/2000/svg" xmlns:xlink="http://www.w3.org/1999/xlink">
	<g stroke="none" stroke-width="1" fill="none" fill-rule="evenodd">
		<g fill-rule="nonzero" fill="#111516">
			<polygon points="11.29 11 1.05 0.77 0 1.82 9.16 11 0 20.18 1.05 21.23"></polygon>
		</g>
	</g>
</svg>

</div>


                                                                            </a>
                                                                        <div data-mobilenav-page="2"
                                                                         class="c-header-mobile-navigation__view--level-2">
																	<span class="c-header-navigation__title">
																			<button data-mobilenav-back>
																				<svg class="icon icon-caret-left" width="8px" height="14px" viewBox="0 0 12 22" version="1.1" xmlns="http://www.w3.org/2000/svg" xmlns:xlink="http://www.w3.org/1999/xlink">
	<g stroke="none" stroke-width="1" fill="none" fill-rule="evenodd">
		<g fill-rule="nonzero" fill="#111516">
			<polygon points="2.84 11 12 1.82 10.95 0.77 0.71 11 10.95 21.23 12 20.18"></polygon>
		</g>
	</g>
</svg>
</button>
																			Top Whisky Brands</span>
                                                                        <div class="c-header-mobile-navigation__view--level-2-content">
                                                                            <ul class="c-header-navigation__second-col">
                                                                                <li class="c-header-navigation__col-item">
                                                                                                <a href="/en/global/jack-daniel-s/c/BRAND_0218/" 
                                                                                                   class="c-data-forward-link-second"
                                                                                                   data-tracking-flyout-third-level="Jack Daniel's">
																								<span class="c-header-navigation-flex">
																									<span class="c-header-navigation-arrow-right-link">&rsaquo;</span>
																									<span>
																										<span class="">
                                                                                                                Jack Daniel's</span>
																									</span>
																								</span>
                                                                                                </a>
                                                                                            </li>
                                                                                        <li class="c-header-navigation__col-item">
                                                                                                <a href="/en/global/chivas/c/BRAND_0190/" 
                                                                                                   class="c-data-forward-link-second"
                                                                                                   data-tracking-flyout-third-level="Chivas">
																								<span class="c-header-navigation-flex">
																									<span class="c-header-navigation-arrow-right-link">&rsaquo;</span>
																									<span>
																										<span class="">
                                                                                                                Chivas</span>
																									</span>
																								</span>
                                                                                                </a>
                                                                                            </li>
                                                                                        <li class="c-header-navigation__col-item">
                                                                                                <a href="/en/global/jameson/c/BRAND_0233/" 
                                                                                                   class="c-data-forward-link-second"
                                                                                                   data-tracking-flyout-third-level="Jameson">
																								<span class="c-header-navigation-flex">
																									<span class="c-header-navigation-arrow-right-link">&rsaquo;</span>
																									<span>
																										<span class="">
                                                                                                                Jameson</span>
																									</span>
																								</span>
                                                                                                </a>
                                                                                            </li>
                                                                                        <li class="c-header-navigation__col-item">
                                                                                                <a href="/en/global/the-glenlivet/c/BRAND_0970/" 
                                                                                                   class="c-data-forward-link-second"
                                                                                                   data-tracking-flyout-third-level="The Glenlivet">
																								<span class="c-header-navigation-flex">
																									<span class="c-header-navigation-arrow-right-link">&rsaquo;</span>
																									<span>
																										<span class="">
                                                                                                                The Glenlivet</span>
																									</span>
																								</span>
                                                                                                </a>
                                                                                            </li>
                                                                                        <li class="c-header-navigation__col-item">
                                                                                                <a href="/en/global/macallan/c/BRAND_0996/" 
                                                                                                   class="c-data-forward-link-second"
                                                                                                   data-tracking-flyout-third-level="Macallan">
																								<span class="c-header-navigation-flex">
																									<span class="c-header-navigation-arrow-right-link">&rsaquo;</span>
																									<span>
																										<span class="">
                                                                                                                Macallan</span>
																									</span>
																								</span>
                                                                                                </a>
                                                                                            </li>
                                                                                        <li class="c-header-navigation__col-item">
                                                                                                <a href="/en/global/bowmore/c/BRAND_4592/" 
                                                                                                   class="c-data-forward-link-second"
                                                                                                   data-tracking-flyout-third-level="Bowmore">
																								<span class="c-header-navigation-flex">
																									<span class="c-header-navigation-arrow-right-link">&rsaquo;</span>
																									<span>
																										<span class="">
                                                                                                                Bowmore</span>
																									</span>
																								</span>
                                                                                                </a>
                                                                                            </li>
                                                                                        <li class="c-header-navigation__col-item">
                                                                                                <a href="/en/global/grant-s/c/BRAND_0225/" 
                                                                                                   class="c-data-forward-link-second"
                                                                                                   data-tracking-flyout-third-level="Grant's">
																								<span class="c-header-navigation-flex">
																									<span class="c-header-navigation-arrow-right-link">&rsaquo;</span>
																									<span>
																										<span class="">
                                                                                                                Grant's</span>
																									</span>
																								</span>
                                                                                                </a>
                                                                                            </li>
                                                                                        <li class="c-header-navigation__col-item">
                                                                                                <a href="/en/global/caperdonich/c/BRAND_8130/" 
                                                                                                   class="c-data-forward-link-second"
                                                                                                   data-tracking-flyout-third-level="Caperdonich">
																								<span class="c-header-navigation-flex">
																									<span class="c-header-navigation-arrow-right-link">&rsaquo;</span>
																									<span>
																										<span class="">
                                                                                                                Caperdonich</span>
																									</span>
																								</span>
                                                                                                </a>
                                                                                            </li>
                                                                                        <li class="c-header-navigation-desktop-hide">
                                                                                    <div class="c-header-navigation__content-appendix util-link-right-single-quotation">
                                                                                        <a href=""><svg class="icon icon-caret-right" width="8px" height="14px" viewBox="0 0 12 22" version="1.1" xmlns="http://www.w3.org/2000/svg" xmlns:xlink="http://www.w3.org/1999/xlink">
	<g stroke="none" stroke-width="1" fill="none" fill-rule="evenodd">
		<g fill-rule="nonzero" fill="#111516">
			<polygon points="11.29 11 1.05 0.77 0 1.82 9.16 11 0 20.18 1.05 21.23"></polygon>
		</g>
	</g>
</svg>

Show all</a>
                                                                                    </div>
                                                                                </li>
                                                                            </ul>
                                                                        </div>
                                                                    </div>
                                                                </li>
                                                            </ul>
                                                    </div>
                                            <div class="c-header-navigation__content-appendix util-link-right-single-quotation">
                                                <a href="/en/global/brands" 
                                                   data-tracking-flyout-show-all="Brands"><svg class="icon icon-caret-right" width="8px" height="14px" viewBox="0 0 12 22" version="1.1" xmlns="http://www.w3.org/2000/svg" xmlns:xlink="http://www.w3.org/1999/xlink">
	<g stroke="none" stroke-width="1" fill="none" fill-rule="evenodd">
		<g fill-rule="nonzero" fill="#111516">
			<polygon points="11.29 11 1.05 0.77 0 1.82 9.16 11 0 20.18 1.05 21.23"></polygon>
		</g>
	</g>
</svg>

Show all</a>
                                            </div>
                                        </div>
                                    </div>
                                </div>
                            </div>

                    <div class="c-header-navigation__nav-item" data-mobilenav-page="0">
                            <a itemprop="url"
                                       href="/en/global/whisky/c/cat_5150/"
                                        
                                       class="c-header-navigation__nav-link js-header-navigation-prevent-link c-header-navigation__nav-link--arrow js-nav-point"
                                       data-mobilenav-forward
                                    >
                                        <span itemprop="name">Whisky</span>
                                        <div class="c-header-navigation__nav-link-svg-right">
                                            <svg class="icon icon-caret-right" width="8px" height="14px" viewBox="0 0 12 22" version="1.1" xmlns="http://www.w3.org/2000/svg" xmlns:xlink="http://www.w3.org/1999/xlink">
	<g stroke="none" stroke-width="1" fill="none" fill-rule="evenodd">
		<g fill-rule="nonzero" fill="#111516">
			<polygon points="11.29 11 1.05 0.77 0 1.82 9.16 11 0 20.18 1.05 21.23"></polygon>
		</g>
	</g>
</svg>

</div>
                                    </a>
                                <div class="c-header-navigation__content c-header-mobile-navigation__view--level-1"
                                     data-mobilenav-page="1">
								<span class="c-header-navigation__title">
										<button data-mobilenav-back>
											<svg class="icon icon-caret-left" width="8px" height="14px" viewBox="0 0 12 22" version="1.1" xmlns="http://www.w3.org/2000/svg" xmlns:xlink="http://www.w3.org/1999/xlink">
	<g stroke="none" stroke-width="1" fill="none" fill-rule="evenodd">
		<g fill-rule="nonzero" fill="#111516">
			<polygon points="2.84 11 12 1.82 10.95 0.77 0.71 11 10.95 21.23 12 20.18"></polygon>
		</g>
	</g>
</svg>
</button>
										Whisky</span>
                                    <div class="c-header-mobile-navigation__view--level-1-content">
                                        <div class="section section--content-width">

                                            <div class="c-header-navigation__content-inner c-header-navigation__content-inner--compact">
                                                <ul class="c-header-navigation__col">
                                                            <li class="c-header-navigation__col-item util-medium c-header-navigation__col-item-childrenfilled">
                                                                    <a href="/en/global/whisky/bourbon-whiskey-more/c/cat_5151/" 
                                                                               class="c-data-forward-link"
                                                                               data-tracking-flyout-second-level="Bourbon Whiskey & more"
                                                                            >

																		<span class="c-link-text-body">
																			<span class="c-link-text-body__arrow">&rsaquo;</span>
																			<span>
																				<span class="">Bourbon Whiskey & more</span>
																			</span>
																		</span>

                                                                            </a>
                                                                        <div data-mobilenav-page="2"
                                                                         class="c-header-mobile-navigation__view--level-2">
																	<span class="c-header-navigation__title">
																			<button data-mobilenav-back>
																				<svg class="icon icon-caret-left" width="8px" height="14px" viewBox="0 0 12 22" version="1.1" xmlns="http://www.w3.org/2000/svg" xmlns:xlink="http://www.w3.org/1999/xlink">
	<g stroke="none" stroke-width="1" fill="none" fill-rule="evenodd">
		<g fill-rule="nonzero" fill="#111516">
			<polygon points="2.84 11 12 1.82 10.95 0.77 0.71 11 10.95 21.23 12 20.18"></polygon>
		</g>
	</g>
</svg>
</button>
																			Bourbon Whiskey & more</span>
                                                                        <div class="c-header-mobile-navigation__view--level-2-content">
                                                                            <ul class="c-header-navigation__second-col">
                                                                                <li class="c-header-navigation-desktop-hide">
                                                                                    <div class="c-header-navigation__content-appendix util-link-right-single-quotation">
                                                                                        <a href="/en/global/whisky/bourbon-whiskey-more/c/cat_5151/"><svg class="icon icon-caret-right" width="8px" height="14px" viewBox="0 0 12 22" version="1.1" xmlns="http://www.w3.org/2000/svg" xmlns:xlink="http://www.w3.org/1999/xlink">
	<g stroke="none" stroke-width="1" fill="none" fill-rule="evenodd">
		<g fill-rule="nonzero" fill="#111516">
			<polygon points="11.29 11 1.05 0.77 0 1.82 9.16 11 0 20.18 1.05 21.23"></polygon>
		</g>
	</g>
</svg>

Show all</a>
                                                                                    </div>
                                                                                </li>
                                                                            </ul>
                                                                        </div>
                                                                    </div>
                                                                </li>
                                                            </ul>
                                                    <ul class="c-header-navigation__col">
                                                            <li class="c-header-navigation__col-item util-medium c-header-navigation__col-item-childrenfilled">
                                                                    <a href="/en/global/whisky/irish-whiskey/c/cat_5152/" 
                                                                               class="c-data-forward-link"
                                                                               data-tracking-flyout-second-level="Irish Whiskey"
                                                                            >

																		<span class="c-link-text-body">
																			<span class="c-link-text-body__arrow">&rsaquo;</span>
																			<span>
																				<span class="">Irish Whiskey</span>
																			</span>
																		</span>

                                                                            </a>
                                                                        <div data-mobilenav-page="2"
                                                                         class="c-header-mobile-navigation__view--level-2">
																	<span class="c-header-navigation__title">
																			<button data-mobilenav-back>
																				<svg class="icon icon-caret-left" width="8px" height="14px" viewBox="0 0 12 22" version="1.1" xmlns="http://www.w3.org/2000/svg" xmlns:xlink="http://www.w3.org/1999/xlink">
	<g stroke="none" stroke-width="1" fill="none" fill-rule="evenodd">
		<g fill-rule="nonzero" fill="#111516">
			<polygon points="2.84 11 12 1.82 10.95 0.77 0.71 11 10.95 21.23 12 20.18"></polygon>
		</g>
	</g>
</svg>
</button>
																			Irish Whiskey</span>
                                                                        <div class="c-header-mobile-navigation__view--level-2-content">
                                                                            <ul class="c-header-navigation__second-col">
                                                                                <li class="c-header-navigation-desktop-hide">
                                                                                    <div class="c-header-navigation__content-appendix util-link-right-single-quotation">
                                                                                        <a href="/en/global/whisky/irish-whiskey/c/cat_5152/"><svg class="icon icon-caret-right" width="8px" height="14px" viewBox="0 0 12 22" version="1.1" xmlns="http://www.w3.org/2000/svg" xmlns:xlink="http://www.w3.org/1999/xlink">
	<g stroke="none" stroke-width="1" fill="none" fill-rule="evenodd">
		<g fill-rule="nonzero" fill="#111516">
			<polygon points="11.29 11 1.05 0.77 0 1.82 9.16 11 0 20.18 1.05 21.23"></polygon>
		</g>
	</g>
</svg>

Show all</a>
                                                                                    </div>
                                                                                </li>
                                                                            </ul>
                                                                        </div>
                                                                    </div>
                                                                </li>
                                                            </ul>
                                                    <ul class="c-header-navigation__col">
                                                            <li class="c-header-navigation__col-item util-medium c-header-navigation__col-item-childrenfilled">
                                                                    <a href="/en/global/whisky/japanese-whisky/c/cat_5153/" 
                                                                               class="c-data-forward-link"
                                                                               data-tracking-flyout-second-level="Japanese Whisky"
                                                                            >

																		<span class="c-link-text-body">
																			<span class="c-link-text-body__arrow">&rsaquo;</span>
																			<span>
																				<span class="">Japanese Whisky</span>
																			</span>
																		</span>

                                                                            </a>
                                                                        <div data-mobilenav-page="2"
                                                                         class="c-header-mobile-navigation__view--level-2">
																	<span class="c-header-navigation__title">
																			<button data-mobilenav-back>
																				<svg class="icon icon-caret-left" width="8px" height="14px" viewBox="0 0 12 22" version="1.1" xmlns="http://www.w3.org/2000/svg" xmlns:xlink="http://www.w3.org/1999/xlink">
	<g stroke="none" stroke-width="1" fill="none" fill-rule="evenodd">
		<g fill-rule="nonzero" fill="#111516">
			<polygon points="2.84 11 12 1.82 10.95 0.77 0.71 11 10.95 21.23 12 20.18"></polygon>
		</g>
	</g>
</svg>
</button>
																			Japanese Whisky</span>
                                                                        <div class="c-header-mobile-navigation__view--level-2-content">
                                                                            <ul class="c-header-navigation__second-col">
                                                                                <li class="c-header-navigation-desktop-hide">
                                                                                    <div class="c-header-navigation__content-appendix util-link-right-single-quotation">
                                                                                        <a href="/en/global/whisky/japanese-whisky/c/cat_5153/"><svg class="icon icon-caret-right" width="8px" height="14px" viewBox="0 0 12 22" version="1.1" xmlns="http://www.w3.org/2000/svg" xmlns:xlink="http://www.w3.org/1999/xlink">
	<g stroke="none" stroke-width="1" fill="none" fill-rule="evenodd">
		<g fill-rule="nonzero" fill="#111516">
			<polygon points="11.29 11 1.05 0.77 0 1.82 9.16 11 0 20.18 1.05 21.23"></polygon>
		</g>
	</g>
</svg>

Show all</a>
                                                                                    </div>
                                                                                </li>
                                                                            </ul>
                                                                        </div>
                                                                    </div>
                                                                </li>
                                                            </ul>
                                                    <ul class="c-header-navigation__col">
                                                            <li class="c-header-navigation__col-item util-medium c-header-navigation__col-item-childrenfilled">
                                                                    <a href="/en/global/whisky/scotch-whisky/c/cat_5154/" 
                                                                               class="c-data-forward-link"
                                                                               data-tracking-flyout-second-level="Scotch Whisky"
                                                                            >

																		<span class="c-link-text-body">
																			<span class="c-link-text-body__arrow">&rsaquo;</span>
																			<span>
																				<span class="">Scotch Whisky</span>
																			</span>
																		</span>

                                                                            </a>
                                                                        <div data-mobilenav-page="2"
                                                                         class="c-header-mobile-navigation__view--level-2">
																	<span class="c-header-navigation__title">
																			<button data-mobilenav-back>
																				<svg class="icon icon-caret-left" width="8px" height="14px" viewBox="0 0 12 22" version="1.1" xmlns="http://www.w3.org/2000/svg" xmlns:xlink="http://www.w3.org/1999/xlink">
	<g stroke="none" stroke-width="1" fill="none" fill-rule="evenodd">
		<g fill-rule="nonzero" fill="#111516">
			<polygon points="2.84 11 12 1.82 10.95 0.77 0.71 11 10.95 21.23 12 20.18"></polygon>
		</g>
	</g>
</svg>
</button>
																			Scotch Whisky</span>
                                                                        <div class="c-header-mobile-navigation__view--level-2-content">
                                                                            <ul class="c-header-navigation__second-col">
                                                                                <li class="c-header-navigation-desktop-hide">
                                                                                    <div class="c-header-navigation__content-appendix util-link-right-single-quotation">
                                                                                        <a href="/en/global/whisky/scotch-whisky/c/cat_5154/"><svg class="icon icon-caret-right" width="8px" height="14px" viewBox="0 0 12 22" version="1.1" xmlns="http://www.w3.org/2000/svg" xmlns:xlink="http://www.w3.org/1999/xlink">
	<g stroke="none" stroke-width="1" fill="none" fill-rule="evenodd">
		<g fill-rule="nonzero" fill="#111516">
			<polygon points="11.29 11 1.05 0.77 0 1.82 9.16 11 0 20.18 1.05 21.23"></polygon>
		</g>
	</g>
</svg>

Show all</a>
                                                                                    </div>
                                                                                </li>
                                                                            </ul>
                                                                        </div>
                                                                    </div>
                                                                </li>
                                                            </ul>
                                                    <ul class="c-header-navigation__col">
                                                            <li class="c-header-navigation__col-item util-medium c-header-navigation__col-item-childrenfilled">
                                                                    <a href="/en/global/whisky/single-malt-whisky/c/cat_5155/" 
                                                                               class="c-data-forward-link"
                                                                               data-tracking-flyout-second-level="Single Malt Whisky"
                                                                            >

																		<span class="c-link-text-body">
																			<span class="c-link-text-body__arrow">&rsaquo;</span>
																			<span>
																				<span class="">Single Malt Whisky</span>
																			</span>
																		</span>

                                                                            </a>
                                                                        <div data-mobilenav-page="2"
                                                                         class="c-header-mobile-navigation__view--level-2">
																	<span class="c-header-navigation__title">
																			<button data-mobilenav-back>
																				<svg class="icon icon-caret-left" width="8px" height="14px" viewBox="0 0 12 22" version="1.1" xmlns="http://www.w3.org/2000/svg" xmlns:xlink="http://www.w3.org/1999/xlink">
	<g stroke="none" stroke-width="1" fill="none" fill-rule="evenodd">
		<g fill-rule="nonzero" fill="#111516">
			<polygon points="2.84 11 12 1.82 10.95 0.77 0.71 11 10.95 21.23 12 20.18"></polygon>
		</g>
	</g>
</svg>
</button>
																			Single Malt Whisky</span>
                                                                        <div class="c-header-mobile-navigation__view--level-2-content">
                                                                            <ul class="c-header-navigation__second-col">
                                                                                <li class="c-header-navigation-desktop-hide">
                                                                                    <div class="c-header-navigation__content-appendix util-link-right-single-quotation">
                                                                                        <a href="/en/global/whisky/single-malt-whisky/c/cat_5155/"><svg class="icon icon-caret-right" width="8px" height="14px" viewBox="0 0 12 22" version="1.1" xmlns="http://www.w3.org/2000/svg" xmlns:xlink="http://www.w3.org/1999/xlink">
	<g stroke="none" stroke-width="1" fill="none" fill-rule="evenodd">
		<g fill-rule="nonzero" fill="#111516">
			<polygon points="11.29 11 1.05 0.77 0 1.82 9.16 11 0 20.18 1.05 21.23"></polygon>
		</g>
	</g>
</svg>

Show all</a>
                                                                                    </div>
                                                                                </li>
                                                                            </ul>
                                                                        </div>
                                                                    </div>
                                                                </li>
                                                            </ul>
                                                    <ul class="c-header-navigation__col">
                                                            <li class="c-header-navigation__col-item util-medium c-header-navigation__col-item-childrenfilled">
                                                                    <a href="/en/global/premium-whisky" 
                                                                               class="c-data-forward-link"
                                                                               data-tracking-flyout-second-level="Premium Whisky"
                                                                            >

																		<span class="c-link-text-body">
																			<span class="c-link-text-body__arrow">&rsaquo;</span>
																			<span>
																				<span class="">Premium Whisky</span>
																			</span>
																		</span>

                                                                            </a>
                                                                        <div data-mobilenav-page="2"
                                                                         class="c-header-mobile-navigation__view--level-2">
																	<span class="c-header-navigation__title">
																			<button data-mobilenav-back>
																				<svg class="icon icon-caret-left" width="8px" height="14px" viewBox="0 0 12 22" version="1.1" xmlns="http://www.w3.org/2000/svg" xmlns:xlink="http://www.w3.org/1999/xlink">
	<g stroke="none" stroke-width="1" fill="none" fill-rule="evenodd">
		<g fill-rule="nonzero" fill="#111516">
			<polygon points="2.84 11 12 1.82 10.95 0.77 0.71 11 10.95 21.23 12 20.18"></polygon>
		</g>
	</g>
</svg>
</button>
																			Premium Whisky</span>
                                                                        <div class="c-header-mobile-navigation__view--level-2-content">
                                                                            <ul class="c-header-navigation__second-col">
                                                                                <li class="c-header-navigation-desktop-hide">
                                                                                    <div class="c-header-navigation__content-appendix util-link-right-single-quotation">
                                                                                        <a href="/en/global/premium-whisky"><svg class="icon icon-caret-right" width="8px" height="14px" viewBox="0 0 12 22" version="1.1" xmlns="http://www.w3.org/2000/svg" xmlns:xlink="http://www.w3.org/1999/xlink">
	<g stroke="none" stroke-width="1" fill="none" fill-rule="evenodd">
		<g fill-rule="nonzero" fill="#111516">
			<polygon points="11.29 11 1.05 0.77 0 1.82 9.16 11 0 20.18 1.05 21.23"></polygon>
		</g>
	</g>
</svg>

Show all</a>
                                                                                    </div>
                                                                                </li>
                                                                            </ul>
                                                                        </div>
                                                                    </div>
                                                                </li>
                                                            </ul>
                                                    </div>
                                            <div class="c-header-navigation__content-appendix util-link-right-single-quotation">
                                                <a href="/en/global/whisky/c/cat_5150/" 
                                                   data-tracking-flyout-show-all="Whisky"><svg class="icon icon-caret-right" width="8px" height="14px" viewBox="0 0 12 22" version="1.1" xmlns="http://www.w3.org/2000/svg" xmlns:xlink="http://www.w3.org/1999/xlink">
	<g stroke="none" stroke-width="1" fill="none" fill-rule="evenodd">
		<g fill-rule="nonzero" fill="#111516">
			<polygon points="11.29 11 1.05 0.77 0 1.82 9.16 11 0 20.18 1.05 21.23"></polygon>
		</g>
	</g>
</svg>

Show all</a>
                                            </div>
                                        </div>
                                    </div>
                                </div>
                            </div>

                    <div class="c-header-navigation__nav-item" data-mobilenav-page="0">
                            <a itemprop="url"
                                       href="/en/global/champagne/c/cat_1230/"
                                        
                                       class="c-header-navigation__nav-link js-header-navigation-prevent-link c-header-navigation__nav-link--arrow js-nav-point"
                                       data-mobilenav-forward
                                    >
                                        <span itemprop="name">Champagne</span>
                                        <div class="c-header-navigation__nav-link-svg-right">
                                            <svg class="icon icon-caret-right" width="8px" height="14px" viewBox="0 0 12 22" version="1.1" xmlns="http://www.w3.org/2000/svg" xmlns:xlink="http://www.w3.org/1999/xlink">
	<g stroke="none" stroke-width="1" fill="none" fill-rule="evenodd">
		<g fill-rule="nonzero" fill="#111516">
			<polygon points="11.29 11 1.05 0.77 0 1.82 9.16 11 0 20.18 1.05 21.23"></polygon>
		</g>
	</g>
</svg>

</div>
                                    </a>
                                <div class="c-header-navigation__content c-header-mobile-navigation__view--level-1"
                                     data-mobilenav-page="1">
								<span class="c-header-navigation__title">
										<button data-mobilenav-back>
											<svg class="icon icon-caret-left" width="8px" height="14px" viewBox="0 0 12 22" version="1.1" xmlns="http://www.w3.org/2000/svg" xmlns:xlink="http://www.w3.org/1999/xlink">
	<g stroke="none" stroke-width="1" fill="none" fill-rule="evenodd">
		<g fill-rule="nonzero" fill="#111516">
			<polygon points="2.84 11 12 1.82 10.95 0.77 0.71 11 10.95 21.23 12 20.18"></polygon>
		</g>
	</g>
</svg>
</button>
										Champagne</span>
                                    <div class="c-header-mobile-navigation__view--level-1-content">
                                        <div class="section section--content-width">

                                            <div class="c-header-navigation__content-inner">
                                                <ul class="c-header-navigation__col">
                                                            <li class="c-header-navigation__col-item util-medium c-header-navigation__col-item-childrenfilled">
                                                                    <a href="/en/global/champagne/c/cat_1230/" 
                                                                               class="c-data-forward-link"
                                                                               data-tracking-flyout-second-level="All Champagne"
                                                                            >

																		<span class="c-link-text-body">
																			<span class="c-link-text-body__arrow">&rsaquo;</span>
																			<span>
																				<span class="">All Champagne</span>
																			</span>
																		</span>

                                                                            </a>
                                                                        <div data-mobilenav-page="2"
                                                                         class="c-header-mobile-navigation__view--level-2">
																	<span class="c-header-navigation__title">
																			<button data-mobilenav-back>
																				<svg class="icon icon-caret-left" width="8px" height="14px" viewBox="0 0 12 22" version="1.1" xmlns="http://www.w3.org/2000/svg" xmlns:xlink="http://www.w3.org/1999/xlink">
	<g stroke="none" stroke-width="1" fill="none" fill-rule="evenodd">
		<g fill-rule="nonzero" fill="#111516">
			<polygon points="2.84 11 12 1.82 10.95 0.77 0.71 11 10.95 21.23 12 20.18"></polygon>
		</g>
	</g>
</svg>
</button>
																			All Champagne</span>
                                                                        <div class="c-header-mobile-navigation__view--level-2-content">
                                                                            <ul class="c-header-navigation__second-col">
                                                                                <li class="c-header-navigation-desktop-hide">
                                                                                    <div class="c-header-navigation__content-appendix util-link-right-single-quotation">
                                                                                        <a href="/en/global/champagne/c/cat_1230/"><svg class="icon icon-caret-right" width="8px" height="14px" viewBox="0 0 12 22" version="1.1" xmlns="http://www.w3.org/2000/svg" xmlns:xlink="http://www.w3.org/1999/xlink">
	<g stroke="none" stroke-width="1" fill="none" fill-rule="evenodd">
		<g fill-rule="nonzero" fill="#111516">
			<polygon points="11.29 11 1.05 0.77 0 1.82 9.16 11 0 20.18 1.05 21.23"></polygon>
		</g>
	</g>
</svg>

Show all</a>
                                                                                    </div>
                                                                                </li>
                                                                            </ul>
                                                                        </div>
                                                                    </div>
                                                                </li>
                                                            </ul>
                                                    <ul class="c-header-navigation__col">
                                                            <li class="c-header-navigation__col-item util-medium c-header-navigation__col-item-childrenfilled">
                                                                    <a href="/en/global/premium-champagne" 
                                                                               class="c-data-forward-link"
                                                                               data-tracking-flyout-second-level="Premium Champagne"
                                                                            >

																		<span class="c-link-text-body">
																			<span class="c-link-text-body__arrow">&rsaquo;</span>
																			<span>
																				<span class="">Premium Champagne</span>
																			</span>
																		</span>

                                                                            </a>
                                                                        <div data-mobilenav-page="2"
                                                                         class="c-header-mobile-navigation__view--level-2">
																	<span class="c-header-navigation__title">
																			<button data-mobilenav-back>
																				<svg class="icon icon-caret-left" width="8px" height="14px" viewBox="0 0 12 22" version="1.1" xmlns="http://www.w3.org/2000/svg" xmlns:xlink="http://www.w3.org/1999/xlink">
	<g stroke="none" stroke-width="1" fill="none" fill-rule="evenodd">
		<g fill-rule="nonzero" fill="#111516">
			<polygon points="2.84 11 12 1.82 10.95 0.77 0.71 11 10.95 21.23 12 20.18"></polygon>
		</g>
	</g>
</svg>
</button>
																			Premium Champagne</span>
                                                                        <div class="c-header-mobile-navigation__view--level-2-content">
                                                                            <ul class="c-header-navigation__second-col">
                                                                                <li class="c-header-navigation-desktop-hide">
                                                                                    <div class="c-header-navigation__content-appendix util-link-right-single-quotation">
                                                                                        <a href="/en/global/premium-champagne"><svg class="icon icon-caret-right" width="8px" height="14px" viewBox="0 0 12 22" version="1.1" xmlns="http://www.w3.org/2000/svg" xmlns:xlink="http://www.w3.org/1999/xlink">
	<g stroke="none" stroke-width="1" fill="none" fill-rule="evenodd">
		<g fill-rule="nonzero" fill="#111516">
			<polygon points="11.29 11 1.05 0.77 0 1.82 9.16 11 0 20.18 1.05 21.23"></polygon>
		</g>
	</g>
</svg>

Show all</a>
                                                                                    </div>
                                                                                </li>
                                                                            </ul>
                                                                        </div>
                                                                    </div>
                                                                </li>
                                                            </ul>
                                                    </div>
                                            <div class="c-header-navigation__content-appendix util-link-right-single-quotation">
                                                <a href="/en/global/champagne/c/cat_1230/" 
                                                   data-tracking-flyout-show-all="Champagne"><svg class="icon icon-caret-right" width="8px" height="14px" viewBox="0 0 12 22" version="1.1" xmlns="http://www.w3.org/2000/svg" xmlns:xlink="http://www.w3.org/1999/xlink">
	<g stroke="none" stroke-width="1" fill="none" fill-rule="evenodd">
		<g fill-rule="nonzero" fill="#111516">
			<polygon points="11.29 11 1.05 0.77 0 1.82 9.16 11 0 20.18 1.05 21.23"></polygon>
		</g>
	</g>
</svg>

Show all</a>
                                            </div>
                                        </div>
                                    </div>
                                </div>
                            </div>

                    <div class="c-header-navigation__nav-item" data-mobilenav-page="0">
                            <a itemprop="url"
                                       href="/en/global/wine/c/cat_1100/"
                                        
                                       class="c-header-navigation__nav-link js-header-navigation-prevent-link c-header-navigation__nav-link--arrow js-nav-point"
                                       data-mobilenav-forward
                                    >
                                        <span itemprop="name">Wine</span>
                                        <div class="c-header-navigation__nav-link-svg-right">
                                            <svg class="icon icon-caret-right" width="8px" height="14px" viewBox="0 0 12 22" version="1.1" xmlns="http://www.w3.org/2000/svg" xmlns:xlink="http://www.w3.org/1999/xlink">
	<g stroke="none" stroke-width="1" fill="none" fill-rule="evenodd">
		<g fill-rule="nonzero" fill="#111516">
			<polygon points="11.29 11 1.05 0.77 0 1.82 9.16 11 0 20.18 1.05 21.23"></polygon>
		</g>
	</g>
</svg>

</div>
                                    </a>
                                <div class="c-header-navigation__content c-header-mobile-navigation__view--level-1"
                                     data-mobilenav-page="1">
								<span class="c-header-navigation__title">
										<button data-mobilenav-back>
											<svg class="icon icon-caret-left" width="8px" height="14px" viewBox="0 0 12 22" version="1.1" xmlns="http://www.w3.org/2000/svg" xmlns:xlink="http://www.w3.org/1999/xlink">
	<g stroke="none" stroke-width="1" fill="none" fill-rule="evenodd">
		<g fill-rule="nonzero" fill="#111516">
			<polygon points="2.84 11 12 1.82 10.95 0.77 0.71 11 10.95 21.23 12 20.18"></polygon>
		</g>
	</g>
</svg>
</button>
										Wine</span>
                                    <div class="c-header-mobile-navigation__view--level-1-content">
                                        <div class="section section--content-width">

                                            <div class="c-header-navigation__content-inner">
                                                <ul class="c-header-navigation__col">
                                                            <li class="c-header-navigation__col-item util-medium c-header-navigation__col-item-childrenfilled">
                                                                    <a href="/en/global/wine/rose-wine/c/cat_1111/" 
                                                                               class="c-data-forward-link"
                                                                               data-tracking-flyout-second-level="Rosé Wine"
                                                                            >

																		<span class="c-link-text-body">
																			<span class="c-link-text-body__arrow">&rsaquo;</span>
																			<span>
																				<span class="">Rosé Wine</span>
																			</span>
																		</span>

                                                                            </a>
                                                                        <div data-mobilenav-page="2"
                                                                         class="c-header-mobile-navigation__view--level-2">
																	<span class="c-header-navigation__title">
																			<button data-mobilenav-back>
																				<svg class="icon icon-caret-left" width="8px" height="14px" viewBox="0 0 12 22" version="1.1" xmlns="http://www.w3.org/2000/svg" xmlns:xlink="http://www.w3.org/1999/xlink">
	<g stroke="none" stroke-width="1" fill="none" fill-rule="evenodd">
		<g fill-rule="nonzero" fill="#111516">
			<polygon points="2.84 11 12 1.82 10.95 0.77 0.71 11 10.95 21.23 12 20.18"></polygon>
		</g>
	</g>
</svg>
</button>
																			Rosé Wine</span>
                                                                        <div class="c-header-mobile-navigation__view--level-2-content">
                                                                            <ul class="c-header-navigation__second-col">
                                                                                <li class="c-header-navigation-desktop-hide">
                                                                                    <div class="c-header-navigation__content-appendix util-link-right-single-quotation">
                                                                                        <a href="/en/global/wine/rose-wine/c/cat_1111/"><svg class="icon icon-caret-right" width="8px" height="14px" viewBox="0 0 12 22" version="1.1" xmlns="http://www.w3.org/2000/svg" xmlns:xlink="http://www.w3.org/1999/xlink">
	<g stroke="none" stroke-width="1" fill="none" fill-rule="evenodd">
		<g fill-rule="nonzero" fill="#111516">
			<polygon points="11.29 11 1.05 0.77 0 1.82 9.16 11 0 20.18 1.05 21.23"></polygon>
		</g>
	</g>
</svg>

Show all</a>
                                                                                    </div>
                                                                                </li>
                                                                            </ul>
                                                                        </div>
                                                                    </div>
                                                                </li>
                                                            </ul>
                                                    <ul class="c-header-navigation__col">
                                                            <li class="c-header-navigation__col-item util-medium c-header-navigation__col-item-childrenfilled">
                                                                    <a href="/en/global/wine/red-wine/c/cat_1112/" 
                                                                               class="c-data-forward-link"
                                                                               data-tracking-flyout-second-level="Red Wine"
                                                                            >

																		<span class="c-link-text-body">
																			<span class="c-link-text-body__arrow">&rsaquo;</span>
																			<span>
																				<span class="">Red Wine</span>
																			</span>
																		</span>

                                                                            </a>
                                                                        <div data-mobilenav-page="2"
                                                                         class="c-header-mobile-navigation__view--level-2">
																	<span class="c-header-navigation__title">
																			<button data-mobilenav-back>
																				<svg class="icon icon-caret-left" width="8px" height="14px" viewBox="0 0 12 22" version="1.1" xmlns="http://www.w3.org/2000/svg" xmlns:xlink="http://www.w3.org/1999/xlink">
	<g stroke="none" stroke-width="1" fill="none" fill-rule="evenodd">
		<g fill-rule="nonzero" fill="#111516">
			<polygon points="2.84 11 12 1.82 10.95 0.77 0.71 11 10.95 21.23 12 20.18"></polygon>
		</g>
	</g>
</svg>
</button>
																			Red Wine</span>
                                                                        <div class="c-header-mobile-navigation__view--level-2-content">
                                                                            <ul class="c-header-navigation__second-col">
                                                                                <li class="c-header-navigation-desktop-hide">
                                                                                    <div class="c-header-navigation__content-appendix util-link-right-single-quotation">
                                                                                        <a href="/en/global/wine/red-wine/c/cat_1112/"><svg class="icon icon-caret-right" width="8px" height="14px" viewBox="0 0 12 22" version="1.1" xmlns="http://www.w3.org/2000/svg" xmlns:xlink="http://www.w3.org/1999/xlink">
	<g stroke="none" stroke-width="1" fill="none" fill-rule="evenodd">
		<g fill-rule="nonzero" fill="#111516">
			<polygon points="11.29 11 1.05 0.77 0 1.82 9.16 11 0 20.18 1.05 21.23"></polygon>
		</g>
	</g>
</svg>

Show all</a>
                                                                                    </div>
                                                                                </li>
                                                                            </ul>
                                                                        </div>
                                                                    </div>
                                                                </li>
                                                            </ul>
                                                    <ul class="c-header-navigation__col">
                                                            <li class="c-header-navigation__col-item util-medium c-header-navigation__col-item-childrenfilled">
                                                                    <a href="/en/global/wine/white-wine/c/cat_1113/" 
                                                                               class="c-data-forward-link"
                                                                               data-tracking-flyout-second-level="White Wine"
                                                                            >

																		<span class="c-link-text-body">
																			<span class="c-link-text-body__arrow">&rsaquo;</span>
																			<span>
																				<span class="">White Wine</span>
																			</span>
																		</span>

                                                                            </a>
                                                                        <div data-mobilenav-page="2"
                                                                         class="c-header-mobile-navigation__view--level-2">
																	<span class="c-header-navigation__title">
																			<button data-mobilenav-back>
																				<svg class="icon icon-caret-left" width="8px" height="14px" viewBox="0 0 12 22" version="1.1" xmlns="http://www.w3.org/2000/svg" xmlns:xlink="http://www.w3.org/1999/xlink">
	<g stroke="none" stroke-width="1" fill="none" fill-rule="evenodd">
		<g fill-rule="nonzero" fill="#111516">
			<polygon points="2.84 11 12 1.82 10.95 0.77 0.71 11 10.95 21.23 12 20.18"></polygon>
		</g>
	</g>
</svg>
</button>
																			White Wine</span>
                                                                        <div class="c-header-mobile-navigation__view--level-2-content">
                                                                            <ul class="c-header-navigation__second-col">
                                                                                <li class="c-header-navigation-desktop-hide">
                                                                                    <div class="c-header-navigation__content-appendix util-link-right-single-quotation">
                                                                                        <a href="/en/global/wine/white-wine/c/cat_1113/"><svg class="icon icon-caret-right" width="8px" height="14px" viewBox="0 0 12 22" version="1.1" xmlns="http://www.w3.org/2000/svg" xmlns:xlink="http://www.w3.org/1999/xlink">
	<g stroke="none" stroke-width="1" fill="none" fill-rule="evenodd">
		<g fill-rule="nonzero" fill="#111516">
			<polygon points="11.29 11 1.05 0.77 0 1.82 9.16 11 0 20.18 1.05 21.23"></polygon>
		</g>
	</g>
</svg>

Show all</a>
                                                                                    </div>
                                                                                </li>
                                                                            </ul>
                                                                        </div>
                                                                    </div>
                                                                </li>
                                                            </ul>
                                                    <ul class="c-header-navigation__col">
                                                            <li class="c-header-navigation__col-item util-medium c-header-navigation__col-item-childrenfilled">
                                                                    <a href="/en/global/premium-wine" 
                                                                               class="c-data-forward-link"
                                                                               data-tracking-flyout-second-level="Premium Wine"
                                                                            >

																		<span class="c-link-text-body">
																			<span class="c-link-text-body__arrow">&rsaquo;</span>
																			<span>
																				<span class="">Premium Wine</span>
																			</span>
																		</span>

                                                                            </a>
                                                                        <div data-mobilenav-page="2"
                                                                         class="c-header-mobile-navigation__view--level-2">
																	<span class="c-header-navigation__title">
																			<button data-mobilenav-back>
																				<svg class="icon icon-caret-left" width="8px" height="14px" viewBox="0 0 12 22" version="1.1" xmlns="http://www.w3.org/2000/svg" xmlns:xlink="http://www.w3.org/1999/xlink">
	<g stroke="none" stroke-width="1" fill="none" fill-rule="evenodd">
		<g fill-rule="nonzero" fill="#111516">
			<polygon points="2.84 11 12 1.82 10.95 0.77 0.71 11 10.95 21.23 12 20.18"></polygon>
		</g>
	</g>
</svg>
</button>
																			Premium Wine</span>
                                                                        <div class="c-header-mobile-navigation__view--level-2-content">
                                                                            <ul class="c-header-navigation__second-col">
                                                                                <li class="c-header-navigation-desktop-hide">
                                                                                    <div class="c-header-navigation__content-appendix util-link-right-single-quotation">
                                                                                        <a href="/en/global/premium-wine"><svg class="icon icon-caret-right" width="8px" height="14px" viewBox="0 0 12 22" version="1.1" xmlns="http://www.w3.org/2000/svg" xmlns:xlink="http://www.w3.org/1999/xlink">
	<g stroke="none" stroke-width="1" fill="none" fill-rule="evenodd">
		<g fill-rule="nonzero" fill="#111516">
			<polygon points="11.29 11 1.05 0.77 0 1.82 9.16 11 0 20.18 1.05 21.23"></polygon>
		</g>
	</g>
</svg>

Show all</a>
                                                                                    </div>
                                                                                </li>
                                                                            </ul>
                                                                        </div>
                                                                    </div>
                                                                </li>
                                                            </ul>
                                                    </div>
                                            <div class="c-header-navigation__content-appendix util-link-right-single-quotation">
                                                <a href="/en/global/wine/c/cat_1100/" 
                                                   data-tracking-flyout-show-all="Wine"><svg class="icon icon-caret-right" width="8px" height="14px" viewBox="0 0 12 22" version="1.1" xmlns="http://www.w3.org/2000/svg" xmlns:xlink="http://www.w3.org/1999/xlink">
	<g stroke="none" stroke-width="1" fill="none" fill-rule="evenodd">
		<g fill-rule="nonzero" fill="#111516">
			<polygon points="11.29 11 1.05 0.77 0 1.82 9.16 11 0 20.18 1.05 21.23"></polygon>
		</g>
	</g>
</svg>

Show all</a>
                                            </div>
                                        </div>
                                    </div>
                                </div>
                            </div>

                    <div class="c-header-navigation__nav-item" data-mobilenav-page="0">
                            <a itemprop="url"
                                       href="/en/global/prosecco-sparkling-wine-co/c/cat_1120/"
                                        
                                       class="c-header-navigation__nav-link js-header-navigation-prevent-link c-header-navigation__nav-link--arrow js-nav-point"
                                       data-mobilenav-forward
                                    >
                                        <span itemprop="name">Prosecco & Co</span>
                                        <div class="c-header-navigation__nav-link-svg-right">
                                            <svg class="icon icon-caret-right" width="8px" height="14px" viewBox="0 0 12 22" version="1.1" xmlns="http://www.w3.org/2000/svg" xmlns:xlink="http://www.w3.org/1999/xlink">
	<g stroke="none" stroke-width="1" fill="none" fill-rule="evenodd">
		<g fill-rule="nonzero" fill="#111516">
			<polygon points="11.29 11 1.05 0.77 0 1.82 9.16 11 0 20.18 1.05 21.23"></polygon>
		</g>
	</g>
</svg>

</div>
                                    </a>
                                <div class="c-header-navigation__content c-header-mobile-navigation__view--level-1"
                                     data-mobilenav-page="1">
								<span class="c-header-navigation__title">
										<button data-mobilenav-back>
											<svg class="icon icon-caret-left" width="8px" height="14px" viewBox="0 0 12 22" version="1.1" xmlns="http://www.w3.org/2000/svg" xmlns:xlink="http://www.w3.org/1999/xlink">
	<g stroke="none" stroke-width="1" fill="none" fill-rule="evenodd">
		<g fill-rule="nonzero" fill="#111516">
			<polygon points="2.84 11 12 1.82 10.95 0.77 0.71 11 10.95 21.23 12 20.18"></polygon>
		</g>
	</g>
</svg>
</button>
										Prosecco & Co</span>
                                    <div class="c-header-mobile-navigation__view--level-1-content">
                                        <div class="section section--content-width">

                                            <div class="c-header-navigation__content-inner">
                                                <ul class="c-header-navigation__col">
                                                            <li class="c-header-navigation__col-item util-medium c-header-navigation__col-item-childrenfilled">
                                                                    <a href="/en/global/prosecco-sparkling-wine-co/prosecco/c/cat_1160/" 
                                                                               class="c-data-forward-link"
                                                                               data-tracking-flyout-second-level="Prosecco"
                                                                            >

																		<span class="c-link-text-body">
																			<span class="c-link-text-body__arrow">&rsaquo;</span>
																			<span>
																				<span class="">Prosecco</span>
																			</span>
																		</span>

                                                                            </a>
                                                                        <div data-mobilenav-page="2"
                                                                         class="c-header-mobile-navigation__view--level-2">
																	<span class="c-header-navigation__title">
																			<button data-mobilenav-back>
																				<svg class="icon icon-caret-left" width="8px" height="14px" viewBox="0 0 12 22" version="1.1" xmlns="http://www.w3.org/2000/svg" xmlns:xlink="http://www.w3.org/1999/xlink">
	<g stroke="none" stroke-width="1" fill="none" fill-rule="evenodd">
		<g fill-rule="nonzero" fill="#111516">
			<polygon points="2.84 11 12 1.82 10.95 0.77 0.71 11 10.95 21.23 12 20.18"></polygon>
		</g>
	</g>
</svg>
</button>
																			Prosecco</span>
                                                                        <div class="c-header-mobile-navigation__view--level-2-content">
                                                                            <ul class="c-header-navigation__second-col">
                                                                                <li class="c-header-navigation-desktop-hide">
                                                                                    <div class="c-header-navigation__content-appendix util-link-right-single-quotation">
                                                                                        <a href="/en/global/prosecco-sparkling-wine-co/prosecco/c/cat_1160/"><svg class="icon icon-caret-right" width="8px" height="14px" viewBox="0 0 12 22" version="1.1" xmlns="http://www.w3.org/2000/svg" xmlns:xlink="http://www.w3.org/1999/xlink">
	<g stroke="none" stroke-width="1" fill="none" fill-rule="evenodd">
		<g fill-rule="nonzero" fill="#111516">
			<polygon points="11.29 11 1.05 0.77 0 1.82 9.16 11 0 20.18 1.05 21.23"></polygon>
		</g>
	</g>
</svg>

Show all</a>
                                                                                    </div>
                                                                                </li>
                                                                            </ul>
                                                                        </div>
                                                                    </div>
                                                                </li>
                                                            </ul>
                                                    <ul class="c-header-navigation__col">
                                                            <li class="c-header-navigation__col-item util-medium c-header-navigation__col-item-childrenfilled">
                                                                    <a href="/en/global/prosecco-sparkling-wine-co/sparkling-wine/c/cat_1130/" 
                                                                               class="c-data-forward-link"
                                                                               data-tracking-flyout-second-level="Sparkling Wine"
                                                                            >

																		<span class="c-link-text-body">
																			<span class="c-link-text-body__arrow">&rsaquo;</span>
																			<span>
																				<span class="">Sparkling Wine</span>
																			</span>
																		</span>

                                                                            </a>
                                                                        <div data-mobilenav-page="2"
                                                                         class="c-header-mobile-navigation__view--level-2">
																	<span class="c-header-navigation__title">
																			<button data-mobilenav-back>
																				<svg class="icon icon-caret-left" width="8px" height="14px" viewBox="0 0 12 22" version="1.1" xmlns="http://www.w3.org/2000/svg" xmlns:xlink="http://www.w3.org/1999/xlink">
	<g stroke="none" stroke-width="1" fill="none" fill-rule="evenodd">
		<g fill-rule="nonzero" fill="#111516">
			<polygon points="2.84 11 12 1.82 10.95 0.77 0.71 11 10.95 21.23 12 20.18"></polygon>
		</g>
	</g>
</svg>
</button>
																			Sparkling Wine</span>
                                                                        <div class="c-header-mobile-navigation__view--level-2-content">
                                                                            <ul class="c-header-navigation__second-col">
                                                                                <li class="c-header-navigation-desktop-hide">
                                                                                    <div class="c-header-navigation__content-appendix util-link-right-single-quotation">
                                                                                        <a href="/en/global/prosecco-sparkling-wine-co/sparkling-wine/c/cat_1130/"><svg class="icon icon-caret-right" width="8px" height="14px" viewBox="0 0 12 22" version="1.1" xmlns="http://www.w3.org/2000/svg" xmlns:xlink="http://www.w3.org/1999/xlink">
	<g stroke="none" stroke-width="1" fill="none" fill-rule="evenodd">
		<g fill-rule="nonzero" fill="#111516">
			<polygon points="11.29 11 1.05 0.77 0 1.82 9.16 11 0 20.18 1.05 21.23"></polygon>
		</g>
	</g>
</svg>

Show all</a>
                                                                                    </div>
                                                                                </li>
                                                                            </ul>
                                                                        </div>
                                                                    </div>
                                                                </li>
                                                            </ul>
                                                    <ul class="c-header-navigation__col">
                                                            <li class="c-header-navigation__col-item util-medium c-header-navigation__col-item-childrenfilled">
                                                                    <a href="/en/global/prosecco-sparkling-wine-co/cremant/c/cat_1140/" 
                                                                               class="c-data-forward-link"
                                                                               data-tracking-flyout-second-level="Crémant"
                                                                            >

																		<span class="c-link-text-body">
																			<span class="c-link-text-body__arrow">&rsaquo;</span>
																			<span>
																				<span class="">Crémant</span>
																			</span>
																		</span>

                                                                            </a>
                                                                        <div data-mobilenav-page="2"
                                                                         class="c-header-mobile-navigation__view--level-2">
																	<span class="c-header-navigation__title">
																			<button data-mobilenav-back>
																				<svg class="icon icon-caret-left" width="8px" height="14px" viewBox="0 0 12 22" version="1.1" xmlns="http://www.w3.org/2000/svg" xmlns:xlink="http://www.w3.org/1999/xlink">
	<g stroke="none" stroke-width="1" fill="none" fill-rule="evenodd">
		<g fill-rule="nonzero" fill="#111516">
			<polygon points="2.84 11 12 1.82 10.95 0.77 0.71 11 10.95 21.23 12 20.18"></polygon>
		</g>
	</g>
</svg>
</button>
																			Crémant</span>
                                                                        <div class="c-header-mobile-navigation__view--level-2-content">
                                                                            <ul class="c-header-navigation__second-col">
                                                                                <li class="c-header-navigation-desktop-hide">
                                                                                    <div class="c-header-navigation__content-appendix util-link-right-single-quotation">
                                                                                        <a href="/en/global/prosecco-sparkling-wine-co/cremant/c/cat_1140/"><svg class="icon icon-caret-right" width="8px" height="14px" viewBox="0 0 12 22" version="1.1" xmlns="http://www.w3.org/2000/svg" xmlns:xlink="http://www.w3.org/1999/xlink">
	<g stroke="none" stroke-width="1" fill="none" fill-rule="evenodd">
		<g fill-rule="nonzero" fill="#111516">
			<polygon points="11.29 11 1.05 0.77 0 1.82 9.16 11 0 20.18 1.05 21.23"></polygon>
		</g>
	</g>
</svg>

Show all</a>
                                                                                    </div>
                                                                                </li>
                                                                            </ul>
                                                                        </div>
                                                                    </div>
                                                                </li>
                                                            </ul>
                                                    <ul class="c-header-navigation__col">
                                                            <li class="c-header-navigation__col-item util-medium c-header-navigation__col-item-childrenfilled">
                                                                    <a href="/en/global/prosecco-sparkling-wine-co/cava/c/cat_1150/" 
                                                                               class="c-data-forward-link"
                                                                               data-tracking-flyout-second-level="Cava"
                                                                            >

																		<span class="c-link-text-body">
																			<span class="c-link-text-body__arrow">&rsaquo;</span>
																			<span>
																				<span class="">Cava</span>
																			</span>
																		</span>

                                                                            </a>
                                                                        <div data-mobilenav-page="2"
                                                                         class="c-header-mobile-navigation__view--level-2">
																	<span class="c-header-navigation__title">
																			<button data-mobilenav-back>
																				<svg class="icon icon-caret-left" width="8px" height="14px" viewBox="0 0 12 22" version="1.1" xmlns="http://www.w3.org/2000/svg" xmlns:xlink="http://www.w3.org/1999/xlink">
	<g stroke="none" stroke-width="1" fill="none" fill-rule="evenodd">
		<g fill-rule="nonzero" fill="#111516">
			<polygon points="2.84 11 12 1.82 10.95 0.77 0.71 11 10.95 21.23 12 20.18"></polygon>
		</g>
	</g>
</svg>
</button>
																			Cava</span>
                                                                        <div class="c-header-mobile-navigation__view--level-2-content">
                                                                            <ul class="c-header-navigation__second-col">
                                                                                <li class="c-header-navigation-desktop-hide">
                                                                                    <div class="c-header-navigation__content-appendix util-link-right-single-quotation">
                                                                                        <a href="/en/global/prosecco-sparkling-wine-co/cava/c/cat_1150/"><svg class="icon icon-caret-right" width="8px" height="14px" viewBox="0 0 12 22" version="1.1" xmlns="http://www.w3.org/2000/svg" xmlns:xlink="http://www.w3.org/1999/xlink">
	<g stroke="none" stroke-width="1" fill="none" fill-rule="evenodd">
		<g fill-rule="nonzero" fill="#111516">
			<polygon points="11.29 11 1.05 0.77 0 1.82 9.16 11 0 20.18 1.05 21.23"></polygon>
		</g>
	</g>
</svg>

Show all</a>
                                                                                    </div>
                                                                                </li>
                                                                            </ul>
                                                                        </div>
                                                                    </div>
                                                                </li>
                                                            </ul>
                                                    </div>
                                            <div class="c-header-navigation__content-appendix util-link-right-single-quotation">
                                                <a href="/en/global/prosecco-sparkling-wine-co/c/cat_1120/" 
                                                   data-tracking-flyout-show-all="Prosecco & Co"><svg class="icon icon-caret-right" width="8px" height="14px" viewBox="0 0 12 22" version="1.1" xmlns="http://www.w3.org/2000/svg" xmlns:xlink="http://www.w3.org/1999/xlink">
	<g stroke="none" stroke-width="1" fill="none" fill-rule="evenodd">
		<g fill-rule="nonzero" fill="#111516">
			<polygon points="11.29 11 1.05 0.77 0 1.82 9.16 11 0 20.18 1.05 21.23"></polygon>
		</g>
	</g>
</svg>

Show all</a>
                                            </div>
                                        </div>
                                    </div>
                                </div>
                            </div>

                    <div class="c-header-navigation__nav-item" data-mobilenav-page="0">
                            <a itemprop="url"
                                       href="/en/global/spirits/c/cat_5000/"
                                        
                                       class="c-header-navigation__nav-link js-header-navigation-prevent-link c-header-navigation__nav-link--arrow js-nav-point"
                                       data-mobilenav-forward
                                    >
                                        <span itemprop="name">Spirits</span>
                                        <div class="c-header-navigation__nav-link-svg-right">
                                            <svg class="icon icon-caret-right" width="8px" height="14px" viewBox="0 0 12 22" version="1.1" xmlns="http://www.w3.org/2000/svg" xmlns:xlink="http://www.w3.org/1999/xlink">
	<g stroke="none" stroke-width="1" fill="none" fill-rule="evenodd">
		<g fill-rule="nonzero" fill="#111516">
			<polygon points="11.29 11 1.05 0.77 0 1.82 9.16 11 0 20.18 1.05 21.23"></polygon>
		</g>
	</g>
</svg>

</div>
                                    </a>
                                <div class="c-header-navigation__content c-header-mobile-navigation__view--level-1"
                                     data-mobilenav-page="1">
								<span class="c-header-navigation__title">
										<button data-mobilenav-back>
											<svg class="icon icon-caret-left" width="8px" height="14px" viewBox="0 0 12 22" version="1.1" xmlns="http://www.w3.org/2000/svg" xmlns:xlink="http://www.w3.org/1999/xlink">
	<g stroke="none" stroke-width="1" fill="none" fill-rule="evenodd">
		<g fill-rule="nonzero" fill="#111516">
			<polygon points="2.84 11 12 1.82 10.95 0.77 0.71 11 10.95 21.23 12 20.18"></polygon>
		</g>
	</g>
</svg>
</button>
										Spirits</span>
                                    <div class="c-header-mobile-navigation__view--level-1-content">
                                        <div class="section section--content-width">

                                            <div class="c-header-navigation__content-inner">
                                                <ul class="c-header-navigation__col">
                                                            <li class="c-header-navigation__col-item util-medium c-header-navigation__col-item-childrenfilled">
                                                                    <a href="/en/global/spirits/gin-genever/c/cat_5014/" 
                                                                               class="c-data-forward-link"
                                                                               data-tracking-flyout-second-level="Gin & Genever"
                                                                            >

																		<span class="c-link-text-body">
																			<span class="c-link-text-body__arrow">&rsaquo;</span>
																			<span>
																				<span class="">Gin & Genever</span>
																			</span>
																		</span>

                                                                            </a>
                                                                        <div data-mobilenav-page="2"
                                                                         class="c-header-mobile-navigation__view--level-2">
																	<span class="c-header-navigation__title">
																			<button data-mobilenav-back>
																				<svg class="icon icon-caret-left" width="8px" height="14px" viewBox="0 0 12 22" version="1.1" xmlns="http://www.w3.org/2000/svg" xmlns:xlink="http://www.w3.org/1999/xlink">
	<g stroke="none" stroke-width="1" fill="none" fill-rule="evenodd">
		<g fill-rule="nonzero" fill="#111516">
			<polygon points="2.84 11 12 1.82 10.95 0.77 0.71 11 10.95 21.23 12 20.18"></polygon>
		</g>
	</g>
</svg>
</button>
																			Gin & Genever</span>
                                                                        <div class="c-header-mobile-navigation__view--level-2-content">
                                                                            <ul class="c-header-navigation__second-col">
                                                                                <li class="c-header-navigation-desktop-hide">
                                                                                    <div class="c-header-navigation__content-appendix util-link-right-single-quotation">
                                                                                        <a href="/en/global/spirits/gin-genever/c/cat_5014/"><svg class="icon icon-caret-right" width="8px" height="14px" viewBox="0 0 12 22" version="1.1" xmlns="http://www.w3.org/2000/svg" xmlns:xlink="http://www.w3.org/1999/xlink">
	<g stroke="none" stroke-width="1" fill="none" fill-rule="evenodd">
		<g fill-rule="nonzero" fill="#111516">
			<polygon points="11.29 11 1.05 0.77 0 1.82 9.16 11 0 20.18 1.05 21.23"></polygon>
		</g>
	</g>
</svg>

Show all</a>
                                                                                    </div>
                                                                                </li>
                                                                            </ul>
                                                                        </div>
                                                                    </div>
                                                                </li>
                                                            </ul>
                                                    <ul class="c-header-navigation__col">
                                                            <li class="c-header-navigation__col-item util-medium c-header-navigation__col-item-childrenfilled">
                                                                    <a href="/en/global/spirits/tequila/c/cat_5019/" 
                                                                               class="c-data-forward-link"
                                                                               data-tracking-flyout-second-level="Tequila"
                                                                            >

																		<span class="c-link-text-body">
																			<span class="c-link-text-body__arrow">&rsaquo;</span>
																			<span>
																				<span class="">Tequila</span>
																			</span>
																		</span>

                                                                            </a>
                                                                        <div data-mobilenav-page="2"
                                                                         class="c-header-mobile-navigation__view--level-2">
																	<span class="c-header-navigation__title">
																			<button data-mobilenav-back>
																				<svg class="icon icon-caret-left" width="8px" height="14px" viewBox="0 0 12 22" version="1.1" xmlns="http://www.w3.org/2000/svg" xmlns:xlink="http://www.w3.org/1999/xlink">
	<g stroke="none" stroke-width="1" fill="none" fill-rule="evenodd">
		<g fill-rule="nonzero" fill="#111516">
			<polygon points="2.84 11 12 1.82 10.95 0.77 0.71 11 10.95 21.23 12 20.18"></polygon>
		</g>
	</g>
</svg>
</button>
																			Tequila</span>
                                                                        <div class="c-header-mobile-navigation__view--level-2-content">
                                                                            <ul class="c-header-navigation__second-col">
                                                                                <li class="c-header-navigation-desktop-hide">
                                                                                    <div class="c-header-navigation__content-appendix util-link-right-single-quotation">
                                                                                        <a href="/en/global/spirits/tequila/c/cat_5019/"><svg class="icon icon-caret-right" width="8px" height="14px" viewBox="0 0 12 22" version="1.1" xmlns="http://www.w3.org/2000/svg" xmlns:xlink="http://www.w3.org/1999/xlink">
	<g stroke="none" stroke-width="1" fill="none" fill-rule="evenodd">
		<g fill-rule="nonzero" fill="#111516">
			<polygon points="11.29 11 1.05 0.77 0 1.82 9.16 11 0 20.18 1.05 21.23"></polygon>
		</g>
	</g>
</svg>

Show all</a>
                                                                                    </div>
                                                                                </li>
                                                                            </ul>
                                                                        </div>
                                                                    </div>
                                                                </li>
                                                            </ul>
                                                    <ul class="c-header-navigation__col">
                                                            <li class="c-header-navigation__col-item util-medium c-header-navigation__col-item-childrenfilled">
                                                                    <a href="/en/global/spirits/rum/c/cat_5017/" 
                                                                               class="c-data-forward-link"
                                                                               data-tracking-flyout-second-level="Rum"
                                                                            >

																		<span class="c-link-text-body">
																			<span class="c-link-text-body__arrow">&rsaquo;</span>
																			<span>
																				<span class="">Rum</span>
																			</span>
																		</span>

                                                                            </a>
                                                                        <div data-mobilenav-page="2"
                                                                         class="c-header-mobile-navigation__view--level-2">
																	<span class="c-header-navigation__title">
																			<button data-mobilenav-back>
																				<svg class="icon icon-caret-left" width="8px" height="14px" viewBox="0 0 12 22" version="1.1" xmlns="http://www.w3.org/2000/svg" xmlns:xlink="http://www.w3.org/1999/xlink">
	<g stroke="none" stroke-width="1" fill="none" fill-rule="evenodd">
		<g fill-rule="nonzero" fill="#111516">
			<polygon points="2.84 11 12 1.82 10.95 0.77 0.71 11 10.95 21.23 12 20.18"></polygon>
		</g>
	</g>
</svg>
</button>
																			Rum</span>
                                                                        <div class="c-header-mobile-navigation__view--level-2-content">
                                                                            <ul class="c-header-navigation__second-col">
                                                                                <li class="c-header-navigation-desktop-hide">
                                                                                    <div class="c-header-navigation__content-appendix util-link-right-single-quotation">
                                                                                        <a href="/en/global/spirits/rum/c/cat_5017/"><svg class="icon icon-caret-right" width="8px" height="14px" viewBox="0 0 12 22" version="1.1" xmlns="http://www.w3.org/2000/svg" xmlns:xlink="http://www.w3.org/1999/xlink">
	<g stroke="none" stroke-width="1" fill="none" fill-rule="evenodd">
		<g fill-rule="nonzero" fill="#111516">
			<polygon points="11.29 11 1.05 0.77 0 1.82 9.16 11 0 20.18 1.05 21.23"></polygon>
		</g>
	</g>
</svg>

Show all</a>
                                                                                    </div>
                                                                                </li>
                                                                            </ul>
                                                                        </div>
                                                                    </div>
                                                                </li>
                                                            </ul>
                                                    <ul class="c-header-navigation__col">
                                                            <li class="c-header-navigation__col-item util-medium c-header-navigation__col-item-childrenfilled">
                                                                    <a href="/en/global/spirits/vodka/c/cat_5020/" 
                                                                               class="c-data-forward-link"
                                                                               data-tracking-flyout-second-level="Vodka"
                                                                            >

																		<span class="c-link-text-body">
																			<span class="c-link-text-body__arrow">&rsaquo;</span>
																			<span>
																				<span class="">Vodka</span>
																			</span>
																		</span>

                                                                            </a>
                                                                        <div data-mobilenav-page="2"
                                                                         class="c-header-mobile-navigation__view--level-2">
																	<span class="c-header-navigation__title">
																			<button data-mobilenav-back>
																				<svg class="icon icon-caret-left" width="8px" height="14px" viewBox="0 0 12 22" version="1.1" xmlns="http://www.w3.org/2000/svg" xmlns:xlink="http://www.w3.org/1999/xlink">
	<g stroke="none" stroke-width="1" fill="none" fill-rule="evenodd">
		<g fill-rule="nonzero" fill="#111516">
			<polygon points="2.84 11 12 1.82 10.95 0.77 0.71 11 10.95 21.23 12 20.18"></polygon>
		</g>
	</g>
</svg>
</button>
																			Vodka</span>
                                                                        <div class="c-header-mobile-navigation__view--level-2-content">
                                                                            <ul class="c-header-navigation__second-col">
                                                                                <li class="c-header-navigation-desktop-hide">
                                                                                    <div class="c-header-navigation__content-appendix util-link-right-single-quotation">
                                                                                        <a href="/en/global/spirits/vodka/c/cat_5020/"><svg class="icon icon-caret-right" width="8px" height="14px" viewBox="0 0 12 22" version="1.1" xmlns="http://www.w3.org/2000/svg" xmlns:xlink="http://www.w3.org/1999/xlink">
	<g stroke="none" stroke-width="1" fill="none" fill-rule="evenodd">
		<g fill-rule="nonzero" fill="#111516">
			<polygon points="11.29 11 1.05 0.77 0 1.82 9.16 11 0 20.18 1.05 21.23"></polygon>
		</g>
	</g>
</svg>

Show all</a>
                                                                                    </div>
                                                                                </li>
                                                                            </ul>
                                                                        </div>
                                                                    </div>
                                                                </li>
                                                            </ul>
                                                    <ul class="c-header-navigation__col">
                                                            <li class="c-header-navigation__col-item util-medium c-header-navigation__col-item-childrenfilled">
                                                                    <a data-mobilenav-forward
                                                                               href="/en/global/spirits/other-spirits/c/cat_5010/" 
                                                                               class="c-data-forward-link"
                                                                            >



																		<span class="c-header-navigation-flex">
																			<span class="c-header-navigation-mobile-hide-inline-arrow">&rsaquo;</span>
																			<span class="">
																				<span>Other Spirits</span>
																			</span>
																		</span>

                                                                                <div class="c-header-navigation__nav-link-svg-right">
                                                                                    <svg class="icon icon-caret-right" width="8px" height="14px" viewBox="0 0 12 22" version="1.1" xmlns="http://www.w3.org/2000/svg" xmlns:xlink="http://www.w3.org/1999/xlink">
	<g stroke="none" stroke-width="1" fill="none" fill-rule="evenodd">
		<g fill-rule="nonzero" fill="#111516">
			<polygon points="11.29 11 1.05 0.77 0 1.82 9.16 11 0 20.18 1.05 21.23"></polygon>
		</g>
	</g>
</svg>

</div>


                                                                            </a>
                                                                        <div data-mobilenav-page="2"
                                                                         class="c-header-mobile-navigation__view--level-2">
																	<span class="c-header-navigation__title">
																			<button data-mobilenav-back>
																				<svg class="icon icon-caret-left" width="8px" height="14px" viewBox="0 0 12 22" version="1.1" xmlns="http://www.w3.org/2000/svg" xmlns:xlink="http://www.w3.org/1999/xlink">
	<g stroke="none" stroke-width="1" fill="none" fill-rule="evenodd">
		<g fill-rule="nonzero" fill="#111516">
			<polygon points="2.84 11 12 1.82 10.95 0.77 0.71 11 10.95 21.23 12 20.18"></polygon>
		</g>
	</g>
</svg>
</button>
																			Other Spirits</span>
                                                                        <div class="c-header-mobile-navigation__view--level-2-content">
                                                                            <ul class="c-header-navigation__second-col">
                                                                                <li class="c-header-navigation__col-item">
                                                                                                <a href="/en/global/spirits/other-spirits/bitter-aperitif/c/cat_5011/" 
                                                                                                   class="c-data-forward-link-second"
                                                                                                   data-tracking-flyout-third-level="Bitter & Aperitif">
																								<span class="c-header-navigation-flex">
																									<span class="c-header-navigation-arrow-right-link">&rsaquo;</span>
																									<span>
																										<span class="">
                                                                                                                Bitter & Aperitif</span>
																									</span>
																								</span>
                                                                                                </a>
                                                                                            </li>
                                                                                        <li class="c-header-navigation__col-item">
                                                                                                <a href="/en/global/spirits/other-spirits/brandy/c/cat_5012/" 
                                                                                                   class="c-data-forward-link-second"
                                                                                                   data-tracking-flyout-third-level="Brandy">
																								<span class="c-header-navigation-flex">
																									<span class="c-header-navigation-arrow-right-link">&rsaquo;</span>
																									<span>
																										<span class="">
                                                                                                                Brandy</span>
																									</span>
																								</span>
                                                                                                </a>
                                                                                            </li>
                                                                                        <li class="c-header-navigation__col-item">
                                                                                                <a href="/en/global/spirits/other-spirits/cognac/c/cat_5013/" 
                                                                                                   class="c-data-forward-link-second"
                                                                                                   data-tracking-flyout-third-level="Cognac">
																								<span class="c-header-navigation-flex">
																									<span class="c-header-navigation-arrow-right-link">&rsaquo;</span>
																									<span>
																										<span class="">
                                                                                                                Cognac</span>
																									</span>
																								</span>
                                                                                                </a>
                                                                                            </li>
                                                                                        <li class="c-header-navigation__col-item">
                                                                                                <a href="/en/global/spirits/other-spirits/fruit-brandy-grappa/c/cat_5015/" 
                                                                                                   class="c-data-forward-link-second"
                                                                                                   data-tracking-flyout-third-level="Fruit Brandy & Grappa">
																								<span class="c-header-navigation-flex">
																									<span class="c-header-navigation-arrow-right-link">&rsaquo;</span>
																									<span>
																										<span class="">
                                                                                                                Fruit Brandy & Grappa</span>
																									</span>
																								</span>
                                                                                                </a>
                                                                                            </li>
                                                                                        <li class="c-header-navigation__col-item">
                                                                                                <a href="/en/global/spirits/other-spirits/liqueur/c/cat_5016/" 
                                                                                                   class="c-data-forward-link-second"
                                                                                                   data-tracking-flyout-third-level="Liqueur">
																								<span class="c-header-navigation-flex">
																									<span class="c-header-navigation-arrow-right-link">&rsaquo;</span>
																									<span>
																										<span class="">
                                                                                                                Liqueur</span>
																									</span>
																								</span>
                                                                                                </a>
                                                                                            </li>
                                                                                        <li class="c-header-navigation__col-item">
                                                                                                <a href="/en/global/spirits/other-spirits/sherry-port/c/cat_5018/" 
                                                                                                   class="c-data-forward-link-second"
                                                                                                   data-tracking-flyout-third-level="Sherry & Port">
																								<span class="c-header-navigation-flex">
																									<span class="c-header-navigation-arrow-right-link">&rsaquo;</span>
																									<span>
																										<span class="">
                                                                                                                Sherry & Port</span>
																									</span>
																								</span>
                                                                                                </a>
                                                                                            </li>
                                                                                        <li class="c-header-navigation-desktop-hide">
                                                                                    <div class="c-header-navigation__content-appendix util-link-right-single-quotation">
                                                                                        <a href="/en/global/spirits/other-spirits/c/cat_5010/"><svg class="icon icon-caret-right" width="8px" height="14px" viewBox="0 0 12 22" version="1.1" xmlns="http://www.w3.org/2000/svg" xmlns:xlink="http://www.w3.org/1999/xlink">
	<g stroke="none" stroke-width="1" fill="none" fill-rule="evenodd">
		<g fill-rule="nonzero" fill="#111516">
			<polygon points="11.29 11 1.05 0.77 0 1.82 9.16 11 0 20.18 1.05 21.23"></polygon>
		</g>
	</g>
</svg>

Show all</a>
                                                                                    </div>
                                                                                </li>
                                                                            </ul>
                                                                        </div>
                                                                    </div>
                                                                </li>
                                                            </ul>
                                                    </div>
                                            <div class="c-header-navigation__content-appendix util-link-right-single-quotation">
                                                <a href="/en/global/spirits/c/cat_5000/" 
                                                   data-tracking-flyout-show-all="Spirits"><svg class="icon icon-caret-right" width="8px" height="14px" viewBox="0 0 12 22" version="1.1" xmlns="http://www.w3.org/2000/svg" xmlns:xlink="http://www.w3.org/1999/xlink">
	<g stroke="none" stroke-width="1" fill="none" fill-rule="evenodd">
		<g fill-rule="nonzero" fill="#111516">
			<polygon points="11.29 11 1.05 0.77 0 1.82 9.16 11 0 20.18 1.05 21.23"></polygon>
		</g>
	</g>
</svg>

Show all</a>
                                            </div>
                                        </div>
                                    </div>
                                </div>
                            </div>

                    <div class="c-header-navigation__nav-item" data-mobilenav-page="0">
                            <a itemprop="url"
                                       href="/en/global/fragrance/c/cat_4000/"
                                        
                                       class="c-header-navigation__nav-link js-header-navigation-prevent-link c-header-navigation__nav-link--arrow js-nav-point"
                                       data-mobilenav-forward
                                    >
                                        <span itemprop="name">Fragrance</span>
                                        <div class="c-header-navigation__nav-link-svg-right">
                                            <svg class="icon icon-caret-right" width="8px" height="14px" viewBox="0 0 12 22" version="1.1" xmlns="http://www.w3.org/2000/svg" xmlns:xlink="http://www.w3.org/1999/xlink">
	<g stroke="none" stroke-width="1" fill="none" fill-rule="evenodd">
		<g fill-rule="nonzero" fill="#111516">
			<polygon points="11.29 11 1.05 0.77 0 1.82 9.16 11 0 20.18 1.05 21.23"></polygon>
		</g>
	</g>
</svg>

</div>
                                    </a>
                                <div class="c-header-navigation__content c-header-mobile-navigation__view--level-1"
                                     data-mobilenav-page="1">
								<span class="c-header-navigation__title">
										<button data-mobilenav-back>
											<svg class="icon icon-caret-left" width="8px" height="14px" viewBox="0 0 12 22" version="1.1" xmlns="http://www.w3.org/2000/svg" xmlns:xlink="http://www.w3.org/1999/xlink">
	<g stroke="none" stroke-width="1" fill="none" fill-rule="evenodd">
		<g fill-rule="nonzero" fill="#111516">
			<polygon points="2.84 11 12 1.82 10.95 0.77 0.71 11 10.95 21.23 12 20.18"></polygon>
		</g>
	</g>
</svg>
</button>
										Fragrance</span>
                                    <div class="c-header-mobile-navigation__view--level-1-content">
                                        <div class="section section--content-width">

                                            <div class="c-header-navigation__content-inner">
                                                <ul class="c-header-navigation__col">
                                                            <li class="c-header-navigation__col-item util-medium c-header-navigation__col-item-childrenfilled">
                                                                    <a data-mobilenav-forward
                                                                               href="/en/global/fragrance/women-fragrances/c/cat_4010/" 
                                                                               class="c-data-forward-link"
                                                                            >



																		<span class="c-header-navigation-flex">
																			<span class="c-header-navigation-mobile-hide-inline-arrow">&rsaquo;</span>
																			<span class="">
																				<span>Women Fragrances</span>
																			</span>
																		</span>

                                                                                <div class="c-header-navigation__nav-link-svg-right">
                                                                                    <svg class="icon icon-caret-right" width="8px" height="14px" viewBox="0 0 12 22" version="1.1" xmlns="http://www.w3.org/2000/svg" xmlns:xlink="http://www.w3.org/1999/xlink">
	<g stroke="none" stroke-width="1" fill="none" fill-rule="evenodd">
		<g fill-rule="nonzero" fill="#111516">
			<polygon points="11.29 11 1.05 0.77 0 1.82 9.16 11 0 20.18 1.05 21.23"></polygon>
		</g>
	</g>
</svg>

</div>


                                                                            </a>
                                                                        <div data-mobilenav-page="2"
                                                                         class="c-header-mobile-navigation__view--level-2">
																	<span class="c-header-navigation__title">
																			<button data-mobilenav-back>
																				<svg class="icon icon-caret-left" width="8px" height="14px" viewBox="0 0 12 22" version="1.1" xmlns="http://www.w3.org/2000/svg" xmlns:xlink="http://www.w3.org/1999/xlink">
	<g stroke="none" stroke-width="1" fill="none" fill-rule="evenodd">
		<g fill-rule="nonzero" fill="#111516">
			<polygon points="2.84 11 12 1.82 10.95 0.77 0.71 11 10.95 21.23 12 20.18"></polygon>
		</g>
	</g>
</svg>
</button>
																			Women Fragrances</span>
                                                                        <div class="c-header-mobile-navigation__view--level-2-content">
                                                                            <ul class="c-header-navigation__second-col">
                                                                                <li class="c-header-navigation__col-item">
                                                                                                <a href="/en/global/fragrance/women-fragrances/fragrance-for-women/c/cat_4011/" 
                                                                                                   class="c-data-forward-link-second"
                                                                                                   data-tracking-flyout-third-level="Fragrances For Women">
																								<span class="c-header-navigation-flex">
																									<span class="c-header-navigation-arrow-right-link">&rsaquo;</span>
																									<span>
																										<span class="">
                                                                                                                Fragrances For Women</span>
																									</span>
																								</span>
                                                                                                </a>
                                                                                            </li>
                                                                                        <li class="c-header-navigation__col-item">
                                                                                                <a href="/en/global/fragrance/women-fragrances/fragrance-sets-for-women/c/cat_4015/" 
                                                                                                   class="c-data-forward-link-second"
                                                                                                   data-tracking-flyout-third-level="Fragrance Sets For Women">
																								<span class="c-header-navigation-flex">
																									<span class="c-header-navigation-arrow-right-link">&rsaquo;</span>
																									<span>
																										<span class="">
                                                                                                                Fragrance Sets For Women</span>
																									</span>
																								</span>
                                                                                                </a>
                                                                                            </li>
                                                                                        <li class="c-header-navigation-desktop-hide">
                                                                                    <div class="c-header-navigation__content-appendix util-link-right-single-quotation">
                                                                                        <a href="/en/global/fragrance/women-fragrances/c/cat_4010/"><svg class="icon icon-caret-right" width="8px" height="14px" viewBox="0 0 12 22" version="1.1" xmlns="http://www.w3.org/2000/svg" xmlns:xlink="http://www.w3.org/1999/xlink">
	<g stroke="none" stroke-width="1" fill="none" fill-rule="evenodd">
		<g fill-rule="nonzero" fill="#111516">
			<polygon points="11.29 11 1.05 0.77 0 1.82 9.16 11 0 20.18 1.05 21.23"></polygon>
		</g>
	</g>
</svg>

Show all</a>
                                                                                    </div>
                                                                                </li>
                                                                            </ul>
                                                                        </div>
                                                                    </div>
                                                                </li>
                                                            </ul>
                                                    <ul class="c-header-navigation__col">
                                                            <li class="c-header-navigation__col-item util-medium c-header-navigation__col-item-childrenfilled">
                                                                    <a data-mobilenav-forward
                                                                               href="/en/global/fragrance/men-fragrances/c/cat_4020/" 
                                                                               class="c-data-forward-link"
                                                                            >



																		<span class="c-header-navigation-flex">
																			<span class="c-header-navigation-mobile-hide-inline-arrow">&rsaquo;</span>
																			<span class="">
																				<span>Men Fragrances</span>
																			</span>
																		</span>

                                                                                <div class="c-header-navigation__nav-link-svg-right">
                                                                                    <svg class="icon icon-caret-right" width="8px" height="14px" viewBox="0 0 12 22" version="1.1" xmlns="http://www.w3.org/2000/svg" xmlns:xlink="http://www.w3.org/1999/xlink">
	<g stroke="none" stroke-width="1" fill="none" fill-rule="evenodd">
		<g fill-rule="nonzero" fill="#111516">
			<polygon points="11.29 11 1.05 0.77 0 1.82 9.16 11 0 20.18 1.05 21.23"></polygon>
		</g>
	</g>
</svg>

</div>


                                                                            </a>
                                                                        <div data-mobilenav-page="2"
                                                                         class="c-header-mobile-navigation__view--level-2">
																	<span class="c-header-navigation__title">
																			<button data-mobilenav-back>
																				<svg class="icon icon-caret-left" width="8px" height="14px" viewBox="0 0 12 22" version="1.1" xmlns="http://www.w3.org/2000/svg" xmlns:xlink="http://www.w3.org/1999/xlink">
	<g stroke="none" stroke-width="1" fill="none" fill-rule="evenodd">
		<g fill-rule="nonzero" fill="#111516">
			<polygon points="2.84 11 12 1.82 10.95 0.77 0.71 11 10.95 21.23 12 20.18"></polygon>
		</g>
	</g>
</svg>
</button>
																			Men Fragrances</span>
                                                                        <div class="c-header-mobile-navigation__view--level-2-content">
                                                                            <ul class="c-header-navigation__second-col">
                                                                                <li class="c-header-navigation__col-item">
                                                                                                <a href="/en/global/fragrance/men-fragrances/fragrance-for-men/c/cat_4021/" 
                                                                                                   class="c-data-forward-link-second"
                                                                                                   data-tracking-flyout-third-level="Fragrance for Men">
																								<span class="c-header-navigation-flex">
																									<span class="c-header-navigation-arrow-right-link">&rsaquo;</span>
																									<span>
																										<span class="">
                                                                                                                Fragrance for Men</span>
																									</span>
																								</span>
                                                                                                </a>
                                                                                            </li>
                                                                                        <li class="c-header-navigation__col-item">
                                                                                                <a href="/en/global/fragrance/men-fragrances/fragrance-sets-for-men/c/cat_4025/" 
                                                                                                   class="c-data-forward-link-second"
                                                                                                   data-tracking-flyout-third-level="Fragrance Sets For Men">
																								<span class="c-header-navigation-flex">
																									<span class="c-header-navigation-arrow-right-link">&rsaquo;</span>
																									<span>
																										<span class="">
                                                                                                                Fragrance Sets For Men</span>
																									</span>
																								</span>
                                                                                                </a>
                                                                                            </li>
                                                                                        <li class="c-header-navigation-desktop-hide">
                                                                                    <div class="c-header-navigation__content-appendix util-link-right-single-quotation">
                                                                                        <a href="/en/global/fragrance/men-fragrances/c/cat_4020/"><svg class="icon icon-caret-right" width="8px" height="14px" viewBox="0 0 12 22" version="1.1" xmlns="http://www.w3.org/2000/svg" xmlns:xlink="http://www.w3.org/1999/xlink">
	<g stroke="none" stroke-width="1" fill="none" fill-rule="evenodd">
		<g fill-rule="nonzero" fill="#111516">
			<polygon points="11.29 11 1.05 0.77 0 1.82 9.16 11 0 20.18 1.05 21.23"></polygon>
		</g>
	</g>
</svg>

Show all</a>
                                                                                    </div>
                                                                                </li>
                                                                            </ul>
                                                                        </div>
                                                                    </div>
                                                                </li>
                                                            </ul>
                                                    <ul class="c-header-navigation__col">
                                                            <li class="c-header-navigation__col-item util-medium c-header-navigation__col-item-childrenfilled">
                                                                    <a href="/en/global/fragrance/home-fragrance-candles/c/cat_4040/" 
                                                                               class="c-data-forward-link"
                                                                               data-tracking-flyout-second-level="Home Fragrance & Candles"
                                                                            >

																		<span class="c-link-text-body">
																			<span class="c-link-text-body__arrow">&rsaquo;</span>
																			<span>
																				<span class="">Home Fragrance & Candles</span>
																			</span>
																		</span>

                                                                            </a>
                                                                        <div data-mobilenav-page="2"
                                                                         class="c-header-mobile-navigation__view--level-2">
																	<span class="c-header-navigation__title">
																			<button data-mobilenav-back>
																				<svg class="icon icon-caret-left" width="8px" height="14px" viewBox="0 0 12 22" version="1.1" xmlns="http://www.w3.org/2000/svg" xmlns:xlink="http://www.w3.org/1999/xlink">
	<g stroke="none" stroke-width="1" fill="none" fill-rule="evenodd">
		<g fill-rule="nonzero" fill="#111516">
			<polygon points="2.84 11 12 1.82 10.95 0.77 0.71 11 10.95 21.23 12 20.18"></polygon>
		</g>
	</g>
</svg>
</button>
																			Home Fragrance & Candles</span>
                                                                        <div class="c-header-mobile-navigation__view--level-2-content">
                                                                            <ul class="c-header-navigation__second-col">
                                                                                <li class="c-header-navigation-desktop-hide">
                                                                                    <div class="c-header-navigation__content-appendix util-link-right-single-quotation">
                                                                                        <a href="/en/global/fragrance/home-fragrance-candles/c/cat_4040/"><svg class="icon icon-caret-right" width="8px" height="14px" viewBox="0 0 12 22" version="1.1" xmlns="http://www.w3.org/2000/svg" xmlns:xlink="http://www.w3.org/1999/xlink">
	<g stroke="none" stroke-width="1" fill="none" fill-rule="evenodd">
		<g fill-rule="nonzero" fill="#111516">
			<polygon points="11.29 11 1.05 0.77 0 1.82 9.16 11 0 20.18 1.05 21.23"></polygon>
		</g>
	</g>
</svg>

Show all</a>
                                                                                    </div>
                                                                                </li>
                                                                            </ul>
                                                                        </div>
                                                                    </div>
                                                                </li>
                                                            </ul>
                                                    <ul class="c-header-navigation__col">
                                                            <li class="c-header-navigation__col-item util-medium c-header-navigation__col-item-childrenfilled">
                                                                    <a href="/en/global/premium-parfum" 
                                                                               class="c-data-forward-link"
                                                                               data-tracking-flyout-second-level="Premium Fragrance"
                                                                            >

																		<span class="c-link-text-body">
																			<span class="c-link-text-body__arrow">&rsaquo;</span>
																			<span>
																				<span class="">Premium Fragrance</span>
																			</span>
																		</span>

                                                                            </a>
                                                                        <div data-mobilenav-page="2"
                                                                         class="c-header-mobile-navigation__view--level-2">
																	<span class="c-header-navigation__title">
																			<button data-mobilenav-back>
																				<svg class="icon icon-caret-left" width="8px" height="14px" viewBox="0 0 12 22" version="1.1" xmlns="http://www.w3.org/2000/svg" xmlns:xlink="http://www.w3.org/1999/xlink">
	<g stroke="none" stroke-width="1" fill="none" fill-rule="evenodd">
		<g fill-rule="nonzero" fill="#111516">
			<polygon points="2.84 11 12 1.82 10.95 0.77 0.71 11 10.95 21.23 12 20.18"></polygon>
		</g>
	</g>
</svg>
</button>
																			Premium Fragrance</span>
                                                                        <div class="c-header-mobile-navigation__view--level-2-content">
                                                                            <ul class="c-header-navigation__second-col">
                                                                                <li class="c-header-navigation-desktop-hide">
                                                                                    <div class="c-header-navigation__content-appendix util-link-right-single-quotation">
                                                                                        <a href="/en/global/premium-parfum"><svg class="icon icon-caret-right" width="8px" height="14px" viewBox="0 0 12 22" version="1.1" xmlns="http://www.w3.org/2000/svg" xmlns:xlink="http://www.w3.org/1999/xlink">
	<g stroke="none" stroke-width="1" fill="none" fill-rule="evenodd">
		<g fill-rule="nonzero" fill="#111516">
			<polygon points="11.29 11 1.05 0.77 0 1.82 9.16 11 0 20.18 1.05 21.23"></polygon>
		</g>
	</g>
</svg>

Show all</a>
                                                                                    </div>
                                                                                </li>
                                                                            </ul>
                                                                        </div>
                                                                    </div>
                                                                </li>
                                                            </ul>
                                                    <ul class="c-header-navigation__col">
                                                            <li class="c-header-navigation__col-item util-medium c-header-navigation__col-item-childrenfilled">
                                                                    <a href="/en/global/fragrance/niche-perfume/c/cat_4090/" 
                                                                               class="c-data-forward-link"
                                                                               data-tracking-flyout-second-level="Niche Perfume"
                                                                            >

																		<span class="c-link-text-body">
																			<span class="c-link-text-body__arrow">&rsaquo;</span>
																			<span>
																				<span class="">Niche Perfume</span>
																			</span>
																		</span>

                                                                            </a>
                                                                        <div data-mobilenav-page="2"
                                                                         class="c-header-mobile-navigation__view--level-2">
																	<span class="c-header-navigation__title">
																			<button data-mobilenav-back>
																				<svg class="icon icon-caret-left" width="8px" height="14px" viewBox="0 0 12 22" version="1.1" xmlns="http://www.w3.org/2000/svg" xmlns:xlink="http://www.w3.org/1999/xlink">
	<g stroke="none" stroke-width="1" fill="none" fill-rule="evenodd">
		<g fill-rule="nonzero" fill="#111516">
			<polygon points="2.84 11 12 1.82 10.95 0.77 0.71 11 10.95 21.23 12 20.18"></polygon>
		</g>
	</g>
</svg>
</button>
																			Niche Perfume</span>
                                                                        <div class="c-header-mobile-navigation__view--level-2-content">
                                                                            <ul class="c-header-navigation__second-col">
                                                                                <li class="c-header-navigation-desktop-hide">
                                                                                    <div class="c-header-navigation__content-appendix util-link-right-single-quotation">
                                                                                        <a href="/en/global/fragrance/niche-perfume/c/cat_4090/"><svg class="icon icon-caret-right" width="8px" height="14px" viewBox="0 0 12 22" version="1.1" xmlns="http://www.w3.org/2000/svg" xmlns:xlink="http://www.w3.org/1999/xlink">
	<g stroke="none" stroke-width="1" fill="none" fill-rule="evenodd">
		<g fill-rule="nonzero" fill="#111516">
			<polygon points="11.29 11 1.05 0.77 0 1.82 9.16 11 0 20.18 1.05 21.23"></polygon>
		</g>
	</g>
</svg>

Show all</a>
                                                                                    </div>
                                                                                </li>
                                                                            </ul>
                                                                        </div>
                                                                    </div>
                                                                </li>
                                                            </ul>
                                                    </div>
                                            <div class="c-header-navigation__content-appendix util-link-right-single-quotation">
                                                <a href="/en/global/fragrance/c/cat_4000/" 
                                                   data-tracking-flyout-show-all="Fragrance"><svg class="icon icon-caret-right" width="8px" height="14px" viewBox="0 0 12 22" version="1.1" xmlns="http://www.w3.org/2000/svg" xmlns:xlink="http://www.w3.org/1999/xlink">
	<g stroke="none" stroke-width="1" fill="none" fill-rule="evenodd">
		<g fill-rule="nonzero" fill="#111516">
			<polygon points="11.29 11 1.05 0.77 0 1.82 9.16 11 0 20.18 1.05 21.23"></polygon>
		</g>
	</g>
</svg>

Show all</a>
                                            </div>
                                        </div>
                                    </div>
                                </div>
                            </div>

                    <div class="c-header-navigation__nav-item" data-mobilenav-page="0">
                            <a itemprop="url"
                                       href="/en/global/skin-care/c/cat_2000/"
                                        
                                       class="c-header-navigation__nav-link js-header-navigation-prevent-link c-header-navigation__nav-link--arrow js-nav-point"
                                       data-mobilenav-forward
                                    >
                                        <span itemprop="name">Skin Care</span>
                                        <div class="c-header-navigation__nav-link-svg-right">
                                            <svg class="icon icon-caret-right" width="8px" height="14px" viewBox="0 0 12 22" version="1.1" xmlns="http://www.w3.org/2000/svg" xmlns:xlink="http://www.w3.org/1999/xlink">
	<g stroke="none" stroke-width="1" fill="none" fill-rule="evenodd">
		<g fill-rule="nonzero" fill="#111516">
			<polygon points="11.29 11 1.05 0.77 0 1.82 9.16 11 0 20.18 1.05 21.23"></polygon>
		</g>
	</g>
</svg>

</div>
                                    </a>
                                <div class="c-header-navigation__content c-header-mobile-navigation__view--level-1"
                                     data-mobilenav-page="1">
								<span class="c-header-navigation__title">
										<button data-mobilenav-back>
											<svg class="icon icon-caret-left" width="8px" height="14px" viewBox="0 0 12 22" version="1.1" xmlns="http://www.w3.org/2000/svg" xmlns:xlink="http://www.w3.org/1999/xlink">
	<g stroke="none" stroke-width="1" fill="none" fill-rule="evenodd">
		<g fill-rule="nonzero" fill="#111516">
			<polygon points="2.84 11 12 1.82 10.95 0.77 0.71 11 10.95 21.23 12 20.18"></polygon>
		</g>
	</g>
</svg>
</button>
										Skin Care</span>
                                    <div class="c-header-mobile-navigation__view--level-1-content">
                                        <div class="section section--content-width">

                                            <div class="c-header-navigation__content-inner">
                                                <ul class="c-header-navigation__col">
                                                            <li class="c-header-navigation__col-item util-medium c-header-navigation__col-item-childrenfilled">
                                                                    <a data-mobilenav-forward
                                                                               href="/en/global/skin-care/facial-skin-care/c/cat_2010/" 
                                                                               class="c-data-forward-link"
                                                                            >



																		<span class="c-header-navigation-flex">
																			<span class="c-header-navigation-mobile-hide-inline-arrow">&rsaquo;</span>
																			<span class="">
																				<span>Facial Skin Care</span>
																			</span>
																		</span>

                                                                                <div class="c-header-navigation__nav-link-svg-right">
                                                                                    <svg class="icon icon-caret-right" width="8px" height="14px" viewBox="0 0 12 22" version="1.1" xmlns="http://www.w3.org/2000/svg" xmlns:xlink="http://www.w3.org/1999/xlink">
	<g stroke="none" stroke-width="1" fill="none" fill-rule="evenodd">
		<g fill-rule="nonzero" fill="#111516">
			<polygon points="11.29 11 1.05 0.77 0 1.82 9.16 11 0 20.18 1.05 21.23"></polygon>
		</g>
	</g>
</svg>

</div>


                                                                            </a>
                                                                        <div data-mobilenav-page="2"
                                                                         class="c-header-mobile-navigation__view--level-2">
																	<span class="c-header-navigation__title">
																			<button data-mobilenav-back>
																				<svg class="icon icon-caret-left" width="8px" height="14px" viewBox="0 0 12 22" version="1.1" xmlns="http://www.w3.org/2000/svg" xmlns:xlink="http://www.w3.org/1999/xlink">
	<g stroke="none" stroke-width="1" fill="none" fill-rule="evenodd">
		<g fill-rule="nonzero" fill="#111516">
			<polygon points="2.84 11 12 1.82 10.95 0.77 0.71 11 10.95 21.23 12 20.18"></polygon>
		</g>
	</g>
</svg>
</button>
																			Facial Skin Care</span>
                                                                        <div class="c-header-mobile-navigation__view--level-2-content">
                                                                            <ul class="c-header-navigation__second-col">
                                                                                <li class="c-header-navigation__col-item">
                                                                                                <a href="/en/global/skin-care/facial-skin-care/facial-cream-oil/c/cat_2011/" 
                                                                                                   class="c-data-forward-link-second"
                                                                                                   data-tracking-flyout-third-level="Facial Cream & Oil">
																								<span class="c-header-navigation-flex">
																									<span class="c-header-navigation-arrow-right-link">&rsaquo;</span>
																									<span>
																										<span class="">
                                                                                                                Facial Cream & Oil</span>
																									</span>
																								</span>
                                                                                                </a>
                                                                                            </li>
                                                                                        <li class="c-header-navigation__col-item">
                                                                                                <a href="/en/global/skin-care/facial-skin-care/facial-cleansing/c/cat_2012/" 
                                                                                                   class="c-data-forward-link-second"
                                                                                                   data-tracking-flyout-third-level="Facial Cleansing">
																								<span class="c-header-navigation-flex">
																									<span class="c-header-navigation-arrow-right-link">&rsaquo;</span>
																									<span>
																										<span class="">
                                                                                                                Facial Cleansing</span>
																									</span>
																								</span>
                                                                                                </a>
                                                                                            </li>
                                                                                        <li class="c-header-navigation__col-item">
                                                                                                <a href="/en/global/skin-care/facial-skin-care/serum/c/cat_2013/" 
                                                                                                   class="c-data-forward-link-second"
                                                                                                   data-tracking-flyout-third-level="Serum">
																								<span class="c-header-navigation-flex">
																									<span class="c-header-navigation-arrow-right-link">&rsaquo;</span>
																									<span>
																										<span class="">
                                                                                                                Serum</span>
																									</span>
																								</span>
                                                                                                </a>
                                                                                            </li>
                                                                                        <li class="c-header-navigation__col-item">
                                                                                                <a href="/en/global/skin-care/facial-skin-care/facial-masks/c/cat_2014/" 
                                                                                                   class="c-data-forward-link-second"
                                                                                                   data-tracking-flyout-third-level="Facial Masks">
																								<span class="c-header-navigation-flex">
																									<span class="c-header-navigation-arrow-right-link">&rsaquo;</span>
																									<span>
																										<span class="">
                                                                                                                Facial Masks</span>
																									</span>
																								</span>
                                                                                                </a>
                                                                                            </li>
                                                                                        <li class="c-header-navigation__col-item">
                                                                                                <a href="/en/global/skin-care/facial-skin-care/eye-care/c/cat_2015/" 
                                                                                                   class="c-data-forward-link-second"
                                                                                                   data-tracking-flyout-third-level="Eye Care">
																								<span class="c-header-navigation-flex">
																									<span class="c-header-navigation-arrow-right-link">&rsaquo;</span>
																									<span>
																										<span class="">
                                                                                                                Eye Care</span>
																									</span>
																								</span>
                                                                                                </a>
                                                                                            </li>
                                                                                        <li class="c-header-navigation__col-item">
                                                                                                <a href="/en/global/skin-care/travel-sizes-care-sets/men-skin-care/c/cat_2052/" 
                                                                                                   class="c-data-forward-link-second"
                                                                                                   data-tracking-flyout-third-level="Men Skin Care">
																								<span class="c-header-navigation-flex">
																									<span class="c-header-navigation-arrow-right-link">&rsaquo;</span>
																									<span>
																										<span class="">
                                                                                                                Men Skin Care</span>
																									</span>
																								</span>
                                                                                                </a>
                                                                                            </li>
                                                                                        <li class="c-header-navigation-desktop-hide">
                                                                                    <div class="c-header-navigation__content-appendix util-link-right-single-quotation">
                                                                                        <a href="/en/global/skin-care/facial-skin-care/c/cat_2010/"><svg class="icon icon-caret-right" width="8px" height="14px" viewBox="0 0 12 22" version="1.1" xmlns="http://www.w3.org/2000/svg" xmlns:xlink="http://www.w3.org/1999/xlink">
	<g stroke="none" stroke-width="1" fill="none" fill-rule="evenodd">
		<g fill-rule="nonzero" fill="#111516">
			<polygon points="11.29 11 1.05 0.77 0 1.82 9.16 11 0 20.18 1.05 21.23"></polygon>
		</g>
	</g>
</svg>

Show all</a>
                                                                                    </div>
                                                                                </li>
                                                                            </ul>
                                                                        </div>
                                                                    </div>
                                                                </li>
                                                            </ul>
                                                    <ul class="c-header-navigation__col">
                                                            <li class="c-header-navigation__col-item util-medium c-header-navigation__col-item-childrenfilled">
                                                                    <a data-mobilenav-forward
                                                                               href="/en/global/skin-care/body-care/c/cat_2020/" 
                                                                               class="c-data-forward-link"
                                                                            >



																		<span class="c-header-navigation-flex">
																			<span class="c-header-navigation-mobile-hide-inline-arrow">&rsaquo;</span>
																			<span class="">
																				<span>Body Care</span>
																			</span>
																		</span>

                                                                                <div class="c-header-navigation__nav-link-svg-right">
                                                                                    <svg class="icon icon-caret-right" width="8px" height="14px" viewBox="0 0 12 22" version="1.1" xmlns="http://www.w3.org/2000/svg" xmlns:xlink="http://www.w3.org/1999/xlink">
	<g stroke="none" stroke-width="1" fill="none" fill-rule="evenodd">
		<g fill-rule="nonzero" fill="#111516">
			<polygon points="11.29 11 1.05 0.77 0 1.82 9.16 11 0 20.18 1.05 21.23"></polygon>
		</g>
	</g>
</svg>

</div>


                                                                            </a>
                                                                        <div data-mobilenav-page="2"
                                                                         class="c-header-mobile-navigation__view--level-2">
																	<span class="c-header-navigation__title">
																			<button data-mobilenav-back>
																				<svg class="icon icon-caret-left" width="8px" height="14px" viewBox="0 0 12 22" version="1.1" xmlns="http://www.w3.org/2000/svg" xmlns:xlink="http://www.w3.org/1999/xlink">
	<g stroke="none" stroke-width="1" fill="none" fill-rule="evenodd">
		<g fill-rule="nonzero" fill="#111516">
			<polygon points="2.84 11 12 1.82 10.95 0.77 0.71 11 10.95 21.23 12 20.18"></polygon>
		</g>
	</g>
</svg>
</button>
																			Body Care</span>
                                                                        <div class="c-header-mobile-navigation__view--level-2-content">
                                                                            <ul class="c-header-navigation__second-col">
                                                                                <li class="c-header-navigation__col-item">
                                                                                                <a href="/en/global/skin-care/body-care/body-lotion-cream/c/cat_2021/" 
                                                                                                   class="c-data-forward-link-second"
                                                                                                   data-tracking-flyout-third-level="Body Lotion & Cream">
																								<span class="c-header-navigation-flex">
																									<span class="c-header-navigation-arrow-right-link">&rsaquo;</span>
																									<span>
																										<span class="">
                                                                                                                Body Lotion & Cream</span>
																									</span>
																								</span>
                                                                                                </a>
                                                                                            </li>
                                                                                        <li class="c-header-navigation__col-item">
                                                                                                <a href="/en/global/skin-care/body-care/deo-antitranspirant/c/cat_2023/" 
                                                                                                   class="c-data-forward-link-second"
                                                                                                   data-tracking-flyout-third-level="Deo & Antitranspirant">
																								<span class="c-header-navigation-flex">
																									<span class="c-header-navigation-arrow-right-link">&rsaquo;</span>
																									<span>
																										<span class="">
                                                                                                                Deo & Antitranspirant</span>
																									</span>
																								</span>
                                                                                                </a>
                                                                                            </li>
                                                                                        <li class="c-header-navigation__col-item">
                                                                                                <a href="/en/global/skin-care/body-care/shower-gel-lotion/c/cat_2024/" 
                                                                                                   class="c-data-forward-link-second"
                                                                                                   data-tracking-flyout-third-level="Shower Gel & -lotion">
																								<span class="c-header-navigation-flex">
																									<span class="c-header-navigation-arrow-right-link">&rsaquo;</span>
																									<span>
																										<span class="">
                                                                                                                Shower Gel & -lotion</span>
																									</span>
																								</span>
                                                                                                </a>
                                                                                            </li>
                                                                                        <li class="c-header-navigation__col-item">
                                                                                                <a href="/en/global/skin-care/body-care/hand-care-products/c/cat_2031/" 
                                                                                                   class="c-data-forward-link-second"
                                                                                                   data-tracking-flyout-third-level="Hand Care Products">
																								<span class="c-header-navigation-flex">
																									<span class="c-header-navigation-arrow-right-link">&rsaquo;</span>
																									<span>
																										<span class="">
                                                                                                                Hand Care Products</span>
																									</span>
																								</span>
                                                                                                </a>
                                                                                            </li>
                                                                                        <li class="c-header-navigation__col-item">
                                                                                                <a href="/en/global/skin-care/body-care/foot-care-products/c/cat_2032/" 
                                                                                                   class="c-data-forward-link-second"
                                                                                                   data-tracking-flyout-third-level="Foot Care Produkts">
																								<span class="c-header-navigation-flex">
																									<span class="c-header-navigation-arrow-right-link">&rsaquo;</span>
																									<span>
																										<span class="">
                                                                                                                Foot Care Produkts</span>
																									</span>
																								</span>
                                                                                                </a>
                                                                                            </li>
                                                                                        <li class="c-header-navigation__col-item">
                                                                                                <a href="/en/global/skin-care/body-care/soap-hand-gel/c/cat_2033/" 
                                                                                                   class="c-data-forward-link-second"
                                                                                                   data-tracking-flyout-third-level="Soap & Handgel">
																								<span class="c-header-navigation-flex">
																									<span class="c-header-navigation-arrow-right-link">&rsaquo;</span>
																									<span>
																										<span class="">
                                                                                                                Soap & Handgel</span>
																									</span>
																								</span>
                                                                                                </a>
                                                                                            </li>
                                                                                        <li class="c-header-navigation__col-item">
                                                                                                <a href="/en/global/skin-care/body-care/hair-care/c/cat_2040/" 
                                                                                                   class="c-data-forward-link-second"
                                                                                                   data-tracking-flyout-third-level="Hair Care ">
																								<span class="c-header-navigation-flex">
																									<span class="c-header-navigation-arrow-right-link">&rsaquo;</span>
																									<span>
																										<span class="">
                                                                                                                Hair Care </span>
																									</span>
																								</span>
                                                                                                </a>
                                                                                            </li>
                                                                                        <li class="c-header-navigation__col-item">
                                                                                                <a href="/en/global/skin-care/body-care/sunscreen/c/cat_2051/" 
                                                                                                   class="c-data-forward-link-second"
                                                                                                   data-tracking-flyout-third-level="Sunscreen">
																								<span class="c-header-navigation-flex">
																									<span class="c-header-navigation-arrow-right-link">&rsaquo;</span>
																									<span>
																										<span class="">
                                                                                                                Sunscreen</span>
																									</span>
																								</span>
                                                                                                </a>
                                                                                            </li>
                                                                                        <li class="c-header-navigation-desktop-hide">
                                                                                    <div class="c-header-navigation__content-appendix util-link-right-single-quotation">
                                                                                        <a href="/en/global/skin-care/body-care/c/cat_2020/"><svg class="icon icon-caret-right" width="8px" height="14px" viewBox="0 0 12 22" version="1.1" xmlns="http://www.w3.org/2000/svg" xmlns:xlink="http://www.w3.org/1999/xlink">
	<g stroke="none" stroke-width="1" fill="none" fill-rule="evenodd">
		<g fill-rule="nonzero" fill="#111516">
			<polygon points="11.29 11 1.05 0.77 0 1.82 9.16 11 0 20.18 1.05 21.23"></polygon>
		</g>
	</g>
</svg>

Show all</a>
                                                                                    </div>
                                                                                </li>
                                                                            </ul>
                                                                        </div>
                                                                    </div>
                                                                </li>
                                                            </ul>
                                                    <ul class="c-header-navigation__col">
                                                            <li class="c-header-navigation__col-item util-medium c-header-navigation__col-item-childrenfilled">
                                                                    <a data-mobilenav-forward
                                                                               href="/en/global/skin-care/travel-sizes-care-sets/c/cat_2050/" 
                                                                               class="c-data-forward-link"
                                                                            >



																		<span class="c-header-navigation-flex">
																			<span class="c-header-navigation-mobile-hide-inline-arrow">&rsaquo;</span>
																			<span class="">
																				<span>Travel Sizes & Care Sets</span>
																			</span>
																		</span>

                                                                                <div class="c-header-navigation__nav-link-svg-right">
                                                                                    <svg class="icon icon-caret-right" width="8px" height="14px" viewBox="0 0 12 22" version="1.1" xmlns="http://www.w3.org/2000/svg" xmlns:xlink="http://www.w3.org/1999/xlink">
	<g stroke="none" stroke-width="1" fill="none" fill-rule="evenodd">
		<g fill-rule="nonzero" fill="#111516">
			<polygon points="11.29 11 1.05 0.77 0 1.82 9.16 11 0 20.18 1.05 21.23"></polygon>
		</g>
	</g>
</svg>

</div>


                                                                            </a>
                                                                        <div data-mobilenav-page="2"
                                                                         class="c-header-mobile-navigation__view--level-2">
																	<span class="c-header-navigation__title">
																			<button data-mobilenav-back>
																				<svg class="icon icon-caret-left" width="8px" height="14px" viewBox="0 0 12 22" version="1.1" xmlns="http://www.w3.org/2000/svg" xmlns:xlink="http://www.w3.org/1999/xlink">
	<g stroke="none" stroke-width="1" fill="none" fill-rule="evenodd">
		<g fill-rule="nonzero" fill="#111516">
			<polygon points="2.84 11 12 1.82 10.95 0.77 0.71 11 10.95 21.23 12 20.18"></polygon>
		</g>
	</g>
</svg>
</button>
																			Travel Sizes & Care Sets</span>
                                                                        <div class="c-header-mobile-navigation__view--level-2-content">
                                                                            <ul class="c-header-navigation__second-col">
                                                                                <li class="c-header-navigation__col-item">
                                                                                                <a href="/en/global/skin-care/travel-sizes-care-sets/care-sets/c/cat_2053/" 
                                                                                                   class="c-data-forward-link-second"
                                                                                                   data-tracking-flyout-third-level="Care Sets">
																								<span class="c-header-navigation-flex">
																									<span class="c-header-navigation-arrow-right-link">&rsaquo;</span>
																									<span>
																										<span class="">
                                                                                                                Care Sets</span>
																									</span>
																								</span>
                                                                                                </a>
                                                                                            </li>
                                                                                        <li class="c-header-navigation__col-item">
                                                                                                <a href="/en/global/skin-care/travel-sizes-care-sets/travel-size/c/cat_2057/" 
                                                                                                   class="c-data-forward-link-second"
                                                                                                   data-tracking-flyout-third-level="Travel Sizes">
																								<span class="c-header-navigation-flex">
																									<span class="c-header-navigation-arrow-right-link">&rsaquo;</span>
																									<span>
																										<span class="">
                                                                                                                Travel Sizes</span>
																									</span>
																								</span>
                                                                                                </a>
                                                                                            </li>
                                                                                        <li class="c-header-navigation-desktop-hide">
                                                                                    <div class="c-header-navigation__content-appendix util-link-right-single-quotation">
                                                                                        <a href="/en/global/skin-care/travel-sizes-care-sets/c/cat_2050/"><svg class="icon icon-caret-right" width="8px" height="14px" viewBox="0 0 12 22" version="1.1" xmlns="http://www.w3.org/2000/svg" xmlns:xlink="http://www.w3.org/1999/xlink">
	<g stroke="none" stroke-width="1" fill="none" fill-rule="evenodd">
		<g fill-rule="nonzero" fill="#111516">
			<polygon points="11.29 11 1.05 0.77 0 1.82 9.16 11 0 20.18 1.05 21.23"></polygon>
		</g>
	</g>
</svg>

Show all</a>
                                                                                    </div>
                                                                                </li>
                                                                            </ul>
                                                                        </div>
                                                                    </div>
                                                                </li>
                                                            </ul>
                                                    <ul class="c-header-navigation__col">
                                                            <li class="c-header-navigation__col-item util-medium c-header-navigation__col-item-childrenfilled">
                                                                    <a href="/en/global/wellness-health/c/BRAND_Z999/" 
                                                                               class="c-data-forward-link"
                                                                               data-tracking-flyout-second-level="Wellness & Health"
                                                                            >

																		<span class="c-link-text-body">
																			<span class="c-link-text-body__arrow">&rsaquo;</span>
																			<span>
																				<span class="">Wellness & Health</span>
																			</span>
																		</span>

                                                                            </a>
                                                                        <div data-mobilenav-page="2"
                                                                         class="c-header-mobile-navigation__view--level-2">
																	<span class="c-header-navigation__title">
																			<button data-mobilenav-back>
																				<svg class="icon icon-caret-left" width="8px" height="14px" viewBox="0 0 12 22" version="1.1" xmlns="http://www.w3.org/2000/svg" xmlns:xlink="http://www.w3.org/1999/xlink">
	<g stroke="none" stroke-width="1" fill="none" fill-rule="evenodd">
		<g fill-rule="nonzero" fill="#111516">
			<polygon points="2.84 11 12 1.82 10.95 0.77 0.71 11 10.95 21.23 12 20.18"></polygon>
		</g>
	</g>
</svg>
</button>
																			Wellness & Health</span>
                                                                        <div class="c-header-mobile-navigation__view--level-2-content">
                                                                            <ul class="c-header-navigation__second-col">
                                                                                <li class="c-header-navigation-desktop-hide">
                                                                                    <div class="c-header-navigation__content-appendix util-link-right-single-quotation">
                                                                                        <a href="/en/global/wellness-health/c/BRAND_Z999/"><svg class="icon icon-caret-right" width="8px" height="14px" viewBox="0 0 12 22" version="1.1" xmlns="http://www.w3.org/2000/svg" xmlns:xlink="http://www.w3.org/1999/xlink">
	<g stroke="none" stroke-width="1" fill="none" fill-rule="evenodd">
		<g fill-rule="nonzero" fill="#111516">
			<polygon points="11.29 11 1.05 0.77 0 1.82 9.16 11 0 20.18 1.05 21.23"></polygon>
		</g>
	</g>
</svg>

Show all</a>
                                                                                    </div>
                                                                                </li>
                                                                            </ul>
                                                                        </div>
                                                                    </div>
                                                                </li>
                                                            </ul>
                                                    </div>
                                            <div class="c-header-navigation__content-appendix util-link-right-single-quotation">
                                                <a href="/en/global/skin-care/c/cat_2000/" 
                                                   data-tracking-flyout-show-all="Skin Care"><svg class="icon icon-caret-right" width="8px" height="14px" viewBox="0 0 12 22" version="1.1" xmlns="http://www.w3.org/2000/svg" xmlns:xlink="http://www.w3.org/1999/xlink">
	<g stroke="none" stroke-width="1" fill="none" fill-rule="evenodd">
		<g fill-rule="nonzero" fill="#111516">
			<polygon points="11.29 11 1.05 0.77 0 1.82 9.16 11 0 20.18 1.05 21.23"></polygon>
		</g>
	</g>
</svg>

Show all</a>
                                            </div>
                                        </div>
                                    </div>
                                </div>
                            </div>

                    <div class="c-header-navigation__nav-item" data-mobilenav-page="0">
                            <a itemprop="url"
                                       href="/en/global/make-up/c/cat_3000/"
                                        
                                       class="c-header-navigation__nav-link js-header-navigation-prevent-link c-header-navigation__nav-link--arrow js-nav-point"
                                       data-mobilenav-forward
                                    >
                                        <span itemprop="name">Make Up</span>
                                        <div class="c-header-navigation__nav-link-svg-right">
                                            <svg class="icon icon-caret-right" width="8px" height="14px" viewBox="0 0 12 22" version="1.1" xmlns="http://www.w3.org/2000/svg" xmlns:xlink="http://www.w3.org/1999/xlink">
	<g stroke="none" stroke-width="1" fill="none" fill-rule="evenodd">
		<g fill-rule="nonzero" fill="#111516">
			<polygon points="11.29 11 1.05 0.77 0 1.82 9.16 11 0 20.18 1.05 21.23"></polygon>
		</g>
	</g>
</svg>

</div>
                                    </a>
                                <div class="c-header-navigation__content c-header-mobile-navigation__view--level-1"
                                     data-mobilenav-page="1">
								<span class="c-header-navigation__title">
										<button data-mobilenav-back>
											<svg class="icon icon-caret-left" width="8px" height="14px" viewBox="0 0 12 22" version="1.1" xmlns="http://www.w3.org/2000/svg" xmlns:xlink="http://www.w3.org/1999/xlink">
	<g stroke="none" stroke-width="1" fill="none" fill-rule="evenodd">
		<g fill-rule="nonzero" fill="#111516">
			<polygon points="2.84 11 12 1.82 10.95 0.77 0.71 11 10.95 21.23 12 20.18"></polygon>
		</g>
	</g>
</svg>
</button>
										Make Up</span>
                                    <div class="c-header-mobile-navigation__view--level-1-content">
                                        <div class="section section--content-width">

                                            <div class="c-header-navigation__content-inner">
                                                <ul class="c-header-navigation__col">
                                                            <li class="c-header-navigation__col-item util-medium c-header-navigation__col-item-childrenfilled">
                                                                    <a data-mobilenav-forward
                                                                               href="/en/global/make-up/teint-make-up/c/cat_3010/" 
                                                                               class="c-data-forward-link"
                                                                            >



																		<span class="c-header-navigation-flex">
																			<span class="c-header-navigation-mobile-hide-inline-arrow">&rsaquo;</span>
																			<span class="">
																				<span>Teint Make Up</span>
																			</span>
																		</span>

                                                                                <div class="c-header-navigation__nav-link-svg-right">
                                                                                    <svg class="icon icon-caret-right" width="8px" height="14px" viewBox="0 0 12 22" version="1.1" xmlns="http://www.w3.org/2000/svg" xmlns:xlink="http://www.w3.org/1999/xlink">
	<g stroke="none" stroke-width="1" fill="none" fill-rule="evenodd">
		<g fill-rule="nonzero" fill="#111516">
			<polygon points="11.29 11 1.05 0.77 0 1.82 9.16 11 0 20.18 1.05 21.23"></polygon>
		</g>
	</g>
</svg>

</div>


                                                                            </a>
                                                                        <div data-mobilenav-page="2"
                                                                         class="c-header-mobile-navigation__view--level-2">
																	<span class="c-header-navigation__title">
																			<button data-mobilenav-back>
																				<svg class="icon icon-caret-left" width="8px" height="14px" viewBox="0 0 12 22" version="1.1" xmlns="http://www.w3.org/2000/svg" xmlns:xlink="http://www.w3.org/1999/xlink">
	<g stroke="none" stroke-width="1" fill="none" fill-rule="evenodd">
		<g fill-rule="nonzero" fill="#111516">
			<polygon points="2.84 11 12 1.82 10.95 0.77 0.71 11 10.95 21.23 12 20.18"></polygon>
		</g>
	</g>
</svg>
</button>
																			Teint Make Up</span>
                                                                        <div class="c-header-mobile-navigation__view--level-2-content">
                                                                            <ul class="c-header-navigation__second-col">
                                                                                <li class="c-header-navigation__col-item">
                                                                                                <a href="/en/global/make-up/teint-make-up/powders/c/cat_3013/" 
                                                                                                   class="c-data-forward-link-second"
                                                                                                   data-tracking-flyout-third-level="Powders">
																								<span class="c-header-navigation-flex">
																									<span class="c-header-navigation-arrow-right-link">&rsaquo;</span>
																									<span>
																										<span class="">
                                                                                                                Powders</span>
																									</span>
																								</span>
                                                                                                </a>
                                                                                            </li>
                                                                                        <li class="c-header-navigation__col-item">
                                                                                                <a href="/en/global/make-up/teint-make-up/blusher/c/cat_3014/" 
                                                                                                   class="c-data-forward-link-second"
                                                                                                   data-tracking-flyout-third-level="Blusher">
																								<span class="c-header-navigation-flex">
																									<span class="c-header-navigation-arrow-right-link">&rsaquo;</span>
																									<span>
																										<span class="">
                                                                                                                Blusher</span>
																									</span>
																								</span>
                                                                                                </a>
                                                                                            </li>
                                                                                        <li class="c-header-navigation__col-item">
                                                                                                <a href="/en/global/make-up/teint-make-up/foundation/c/cat_3012/" 
                                                                                                   class="c-data-forward-link-second"
                                                                                                   data-tracking-flyout-third-level="Foundation">
																								<span class="c-header-navigation-flex">
																									<span class="c-header-navigation-arrow-right-link">&rsaquo;</span>
																									<span>
																										<span class="">
                                                                                                                Foundation</span>
																									</span>
																								</span>
                                                                                                </a>
                                                                                            </li>
                                                                                        <li class="c-header-navigation__col-item">
                                                                                                <a href="/en/global/make-up/teint-make-up/concealer/c/cat_3011/" 
                                                                                                   class="c-data-forward-link-second"
                                                                                                   data-tracking-flyout-third-level="Concealer">
																								<span class="c-header-navigation-flex">
																									<span class="c-header-navigation-arrow-right-link">&rsaquo;</span>
																									<span>
																										<span class="">
                                                                                                                Concealer</span>
																									</span>
																								</span>
                                                                                                </a>
                                                                                            </li>
                                                                                        <li class="c-header-navigation-desktop-hide">
                                                                                    <div class="c-header-navigation__content-appendix util-link-right-single-quotation">
                                                                                        <a href="/en/global/make-up/teint-make-up/c/cat_3010/"><svg class="icon icon-caret-right" width="8px" height="14px" viewBox="0 0 12 22" version="1.1" xmlns="http://www.w3.org/2000/svg" xmlns:xlink="http://www.w3.org/1999/xlink">
	<g stroke="none" stroke-width="1" fill="none" fill-rule="evenodd">
		<g fill-rule="nonzero" fill="#111516">
			<polygon points="11.29 11 1.05 0.77 0 1.82 9.16 11 0 20.18 1.05 21.23"></polygon>
		</g>
	</g>
</svg>

Show all</a>
                                                                                    </div>
                                                                                </li>
                                                                            </ul>
                                                                        </div>
                                                                    </div>
                                                                </li>
                                                            </ul>
                                                    <ul class="c-header-navigation__col">
                                                            <li class="c-header-navigation__col-item util-medium c-header-navigation__col-item-childrenfilled">
                                                                    <a href="/en/global/make-up/lips/lipstick-lipliner/c/cat_3021/" 
                                                                               class="c-data-forward-link"
                                                                               data-tracking-flyout-second-level="Lipstick & Lipliner"
                                                                            >

																		<span class="c-link-text-body">
																			<span class="c-link-text-body__arrow">&rsaquo;</span>
																			<span>
																				<span class="">Lipstick & Lipliner</span>
																			</span>
																		</span>

                                                                            </a>
                                                                        <div data-mobilenav-page="2"
                                                                         class="c-header-mobile-navigation__view--level-2">
																	<span class="c-header-navigation__title">
																			<button data-mobilenav-back>
																				<svg class="icon icon-caret-left" width="8px" height="14px" viewBox="0 0 12 22" version="1.1" xmlns="http://www.w3.org/2000/svg" xmlns:xlink="http://www.w3.org/1999/xlink">
	<g stroke="none" stroke-width="1" fill="none" fill-rule="evenodd">
		<g fill-rule="nonzero" fill="#111516">
			<polygon points="2.84 11 12 1.82 10.95 0.77 0.71 11 10.95 21.23 12 20.18"></polygon>
		</g>
	</g>
</svg>
</button>
																			Lipstick & Lipliner</span>
                                                                        <div class="c-header-mobile-navigation__view--level-2-content">
                                                                            <ul class="c-header-navigation__second-col">
                                                                                <li class="c-header-navigation-desktop-hide">
                                                                                    <div class="c-header-navigation__content-appendix util-link-right-single-quotation">
                                                                                        <a href="/en/global/make-up/lips/lipstick-lipliner/c/cat_3021/"><svg class="icon icon-caret-right" width="8px" height="14px" viewBox="0 0 12 22" version="1.1" xmlns="http://www.w3.org/2000/svg" xmlns:xlink="http://www.w3.org/1999/xlink">
	<g stroke="none" stroke-width="1" fill="none" fill-rule="evenodd">
		<g fill-rule="nonzero" fill="#111516">
			<polygon points="11.29 11 1.05 0.77 0 1.82 9.16 11 0 20.18 1.05 21.23"></polygon>
		</g>
	</g>
</svg>

Show all</a>
                                                                                    </div>
                                                                                </li>
                                                                            </ul>
                                                                        </div>
                                                                    </div>
                                                                </li>
                                                            </ul>
                                                    <ul class="c-header-navigation__col">
                                                            <li class="c-header-navigation__col-item util-medium c-header-navigation__col-item-childrenfilled">
                                                                    <a data-mobilenav-forward
                                                                               href="/en/global/make-up/eyes-make-up/c/cat_3030/" 
                                                                               class="c-data-forward-link"
                                                                            >



																		<span class="c-header-navigation-flex">
																			<span class="c-header-navigation-mobile-hide-inline-arrow">&rsaquo;</span>
																			<span class="">
																				<span>Eyes Make Up</span>
																			</span>
																		</span>

                                                                                <div class="c-header-navigation__nav-link-svg-right">
                                                                                    <svg class="icon icon-caret-right" width="8px" height="14px" viewBox="0 0 12 22" version="1.1" xmlns="http://www.w3.org/2000/svg" xmlns:xlink="http://www.w3.org/1999/xlink">
	<g stroke="none" stroke-width="1" fill="none" fill-rule="evenodd">
		<g fill-rule="nonzero" fill="#111516">
			<polygon points="11.29 11 1.05 0.77 0 1.82 9.16 11 0 20.18 1.05 21.23"></polygon>
		</g>
	</g>
</svg>

</div>


                                                                            </a>
                                                                        <div data-mobilenav-page="2"
                                                                         class="c-header-mobile-navigation__view--level-2">
																	<span class="c-header-navigation__title">
																			<button data-mobilenav-back>
																				<svg class="icon icon-caret-left" width="8px" height="14px" viewBox="0 0 12 22" version="1.1" xmlns="http://www.w3.org/2000/svg" xmlns:xlink="http://www.w3.org/1999/xlink">
	<g stroke="none" stroke-width="1" fill="none" fill-rule="evenodd">
		<g fill-rule="nonzero" fill="#111516">
			<polygon points="2.84 11 12 1.82 10.95 0.77 0.71 11 10.95 21.23 12 20.18"></polygon>
		</g>
	</g>
</svg>
</button>
																			Eyes Make Up</span>
                                                                        <div class="c-header-mobile-navigation__view--level-2-content">
                                                                            <ul class="c-header-navigation__second-col">
                                                                                <li class="c-header-navigation__col-item">
                                                                                                <a href="/en/global/make-up/eyes-make-up/make-up-for-eyebrows/c/cat_3033/" 
                                                                                                   class="c-data-forward-link-second"
                                                                                                   data-tracking-flyout-third-level="Make Up for Eyebrows">
																								<span class="c-header-navigation-flex">
																									<span class="c-header-navigation-arrow-right-link">&rsaquo;</span>
																									<span>
																										<span class="">
                                                                                                                Make Up for Eyebrows</span>
																									</span>
																								</span>
                                                                                                </a>
                                                                                            </li>
                                                                                        <li class="c-header-navigation__col-item">
                                                                                                <a href="/en/global/make-up/eyes-make-up/eyeliner/c/cat_3035/" 
                                                                                                   class="c-data-forward-link-second"
                                                                                                   data-tracking-flyout-third-level="Eyeliner">
																								<span class="c-header-navigation-flex">
																									<span class="c-header-navigation-arrow-right-link">&rsaquo;</span>
																									<span>
																										<span class="">
                                                                                                                Eyeliner</span>
																									</span>
																								</span>
                                                                                                </a>
                                                                                            </li>
                                                                                        <li class="c-header-navigation__col-item">
                                                                                                <a href="/en/global/make-up/eyes-make-up/eye-shadow/c/cat_3036/" 
                                                                                                   class="c-data-forward-link-second"
                                                                                                   data-tracking-flyout-third-level="Eye Shadow">
																								<span class="c-header-navigation-flex">
																									<span class="c-header-navigation-arrow-right-link">&rsaquo;</span>
																									<span>
																										<span class="">
                                                                                                                Eye Shadow</span>
																									</span>
																								</span>
                                                                                                </a>
                                                                                            </li>
                                                                                        <li class="c-header-navigation__col-item">
                                                                                                <a href="/en/global/make-up/eyes-make-up/mascara/c/cat_3037/" 
                                                                                                   class="c-data-forward-link-second"
                                                                                                   data-tracking-flyout-third-level="Mascara">
																								<span class="c-header-navigation-flex">
																									<span class="c-header-navigation-arrow-right-link">&rsaquo;</span>
																									<span>
																										<span class="">
                                                                                                                Mascara</span>
																									</span>
																								</span>
                                                                                                </a>
                                                                                            </li>
                                                                                        <li class="c-header-navigation-desktop-hide">
                                                                                    <div class="c-header-navigation__content-appendix util-link-right-single-quotation">
                                                                                        <a href="/en/global/make-up/eyes-make-up/c/cat_3030/"><svg class="icon icon-caret-right" width="8px" height="14px" viewBox="0 0 12 22" version="1.1" xmlns="http://www.w3.org/2000/svg" xmlns:xlink="http://www.w3.org/1999/xlink">
	<g stroke="none" stroke-width="1" fill="none" fill-rule="evenodd">
		<g fill-rule="nonzero" fill="#111516">
			<polygon points="11.29 11 1.05 0.77 0 1.82 9.16 11 0 20.18 1.05 21.23"></polygon>
		</g>
	</g>
</svg>

Show all</a>
                                                                                    </div>
                                                                                </li>
                                                                            </ul>
                                                                        </div>
                                                                    </div>
                                                                </li>
                                                            </ul>
                                                    <ul class="c-header-navigation__col">
                                                            <li class="c-header-navigation__col-item util-medium c-header-navigation__col-item-childrenfilled">
                                                                    <a href="/en/global/make-up/nail-polish/c/cat_3041/" 
                                                                               class="c-data-forward-link"
                                                                               data-tracking-flyout-second-level="Nail Polish"
                                                                            >

																		<span class="c-link-text-body">
																			<span class="c-link-text-body__arrow">&rsaquo;</span>
																			<span>
																				<span class="">Nail Polish</span>
																			</span>
																		</span>

                                                                            </a>
                                                                        <div data-mobilenav-page="2"
                                                                         class="c-header-mobile-navigation__view--level-2">
																	<span class="c-header-navigation__title">
																			<button data-mobilenav-back>
																				<svg class="icon icon-caret-left" width="8px" height="14px" viewBox="0 0 12 22" version="1.1" xmlns="http://www.w3.org/2000/svg" xmlns:xlink="http://www.w3.org/1999/xlink">
	<g stroke="none" stroke-width="1" fill="none" fill-rule="evenodd">
		<g fill-rule="nonzero" fill="#111516">
			<polygon points="2.84 11 12 1.82 10.95 0.77 0.71 11 10.95 21.23 12 20.18"></polygon>
		</g>
	</g>
</svg>
</button>
																			Nail Polish</span>
                                                                        <div class="c-header-mobile-navigation__view--level-2-content">
                                                                            <ul class="c-header-navigation__second-col">
                                                                                <li class="c-header-navigation-desktop-hide">
                                                                                    <div class="c-header-navigation__content-appendix util-link-right-single-quotation">
                                                                                        <a href="/en/global/make-up/nail-polish/c/cat_3041/"><svg class="icon icon-caret-right" width="8px" height="14px" viewBox="0 0 12 22" version="1.1" xmlns="http://www.w3.org/2000/svg" xmlns:xlink="http://www.w3.org/1999/xlink">
	<g stroke="none" stroke-width="1" fill="none" fill-rule="evenodd">
		<g fill-rule="nonzero" fill="#111516">
			<polygon points="11.29 11 1.05 0.77 0 1.82 9.16 11 0 20.18 1.05 21.23"></polygon>
		</g>
	</g>
</svg>

Show all</a>
                                                                                    </div>
                                                                                </li>
                                                                            </ul>
                                                                        </div>
                                                                    </div>
                                                                </li>
                                                            </ul>
                                                    <ul class="c-header-navigation__col">
                                                            <li class="c-header-navigation__col-item util-medium c-header-navigation__col-item-childrenfilled">
                                                                    <a data-mobilenav-forward
                                                                               href="/en/global/make-up/make-up-sets-accessories/c/cat_3050/" 
                                                                               class="c-data-forward-link"
                                                                            >



																		<span class="c-header-navigation-flex">
																			<span class="c-header-navigation-mobile-hide-inline-arrow">&rsaquo;</span>
																			<span class="">
																				<span>Make Up Sets & Accessories</span>
																			</span>
																		</span>

                                                                                <div class="c-header-navigation__nav-link-svg-right">
                                                                                    <svg class="icon icon-caret-right" width="8px" height="14px" viewBox="0 0 12 22" version="1.1" xmlns="http://www.w3.org/2000/svg" xmlns:xlink="http://www.w3.org/1999/xlink">
	<g stroke="none" stroke-width="1" fill="none" fill-rule="evenodd">
		<g fill-rule="nonzero" fill="#111516">
			<polygon points="11.29 11 1.05 0.77 0 1.82 9.16 11 0 20.18 1.05 21.23"></polygon>
		</g>
	</g>
</svg>

</div>


                                                                            </a>
                                                                        <div data-mobilenav-page="2"
                                                                         class="c-header-mobile-navigation__view--level-2">
																	<span class="c-header-navigation__title">
																			<button data-mobilenav-back>
																				<svg class="icon icon-caret-left" width="8px" height="14px" viewBox="0 0 12 22" version="1.1" xmlns="http://www.w3.org/2000/svg" xmlns:xlink="http://www.w3.org/1999/xlink">
	<g stroke="none" stroke-width="1" fill="none" fill-rule="evenodd">
		<g fill-rule="nonzero" fill="#111516">
			<polygon points="2.84 11 12 1.82 10.95 0.77 0.71 11 10.95 21.23 12 20.18"></polygon>
		</g>
	</g>
</svg>
</button>
																			Make Up Sets & Accessories</span>
                                                                        <div class="c-header-mobile-navigation__view--level-2-content">
                                                                            <ul class="c-header-navigation__second-col">
                                                                                <li class="c-header-navigation__col-item">
                                                                                                <a href="/en/global/make-up/make-up-sets-accessories/make-up-accessories/c/cat_3052/" 
                                                                                                   class="c-data-forward-link-second"
                                                                                                   data-tracking-flyout-third-level="Make Up Accessories">
																								<span class="c-header-navigation-flex">
																									<span class="c-header-navigation-arrow-right-link">&rsaquo;</span>
																									<span>
																										<span class="">
                                                                                                                Make Up Accessories</span>
																									</span>
																								</span>
                                                                                                </a>
                                                                                            </li>
                                                                                        <li class="c-header-navigation__col-item">
                                                                                                <a href="/en/global/make-up/make-up-sets-accessories/make-up-sets/c/cat_3053/" 
                                                                                                   class="c-data-forward-link-second"
                                                                                                   data-tracking-flyout-third-level="Make Up Sets">
																								<span class="c-header-navigation-flex">
																									<span class="c-header-navigation-arrow-right-link">&rsaquo;</span>
																									<span>
																										<span class="">
                                                                                                                Make Up Sets</span>
																									</span>
																								</span>
                                                                                                </a>
                                                                                            </li>
                                                                                        <li class="c-header-navigation-desktop-hide">
                                                                                    <div class="c-header-navigation__content-appendix util-link-right-single-quotation">
                                                                                        <a href="/en/global/make-up/make-up-sets-accessories/c/cat_3050/"><svg class="icon icon-caret-right" width="8px" height="14px" viewBox="0 0 12 22" version="1.1" xmlns="http://www.w3.org/2000/svg" xmlns:xlink="http://www.w3.org/1999/xlink">
	<g stroke="none" stroke-width="1" fill="none" fill-rule="evenodd">
		<g fill-rule="nonzero" fill="#111516">
			<polygon points="11.29 11 1.05 0.77 0 1.82 9.16 11 0 20.18 1.05 21.23"></polygon>
		</g>
	</g>
</svg>

Show all</a>
                                                                                    </div>
                                                                                </li>
                                                                            </ul>
                                                                        </div>
                                                                    </div>
                                                                </li>
                                                            </ul>
                                                    </div>
                                            <div class="c-header-navigation__content-appendix util-link-right-single-quotation">
                                                <a href="/en/global/make-up/c/cat_3000/" 
                                                   data-tracking-flyout-show-all="Make Up"><svg class="icon icon-caret-right" width="8px" height="14px" viewBox="0 0 12 22" version="1.1" xmlns="http://www.w3.org/2000/svg" xmlns:xlink="http://www.w3.org/1999/xlink">
	<g stroke="none" stroke-width="1" fill="none" fill-rule="evenodd">
		<g fill-rule="nonzero" fill="#111516">
			<polygon points="11.29 11 1.05 0.77 0 1.82 9.16 11 0 20.18 1.05 21.23"></polygon>
		</g>
	</g>
</svg>

Show all</a>
                                            </div>
                                        </div>
                                    </div>
                                </div>
                            </div>

                    <div class="c-header-navigation__nav-item" data-mobilenav-page="0">
                            <a itemprop="url"
                                       href="/en/global/tobacco-products/c/cat_8000/"
                                        
                                       class="c-header-navigation__nav-link js-header-navigation-prevent-link c-header-navigation__nav-link--arrow js-nav-point"
                                       data-mobilenav-forward
                                    >
                                        <span itemprop="name">Tobacco Products</span>
                                        <div class="c-header-navigation__nav-link-svg-right">
                                            <svg class="icon icon-caret-right" width="8px" height="14px" viewBox="0 0 12 22" version="1.1" xmlns="http://www.w3.org/2000/svg" xmlns:xlink="http://www.w3.org/1999/xlink">
	<g stroke="none" stroke-width="1" fill="none" fill-rule="evenodd">
		<g fill-rule="nonzero" fill="#111516">
			<polygon points="11.29 11 1.05 0.77 0 1.82 9.16 11 0 20.18 1.05 21.23"></polygon>
		</g>
	</g>
</svg>

</div>
                                    </a>
                                <div class="c-header-navigation__content c-header-mobile-navigation__view--level-1"
                                     data-mobilenav-page="1">
								<span class="c-header-navigation__title">
										<button data-mobilenav-back>
											<svg class="icon icon-caret-left" width="8px" height="14px" viewBox="0 0 12 22" version="1.1" xmlns="http://www.w3.org/2000/svg" xmlns:xlink="http://www.w3.org/1999/xlink">
	<g stroke="none" stroke-width="1" fill="none" fill-rule="evenodd">
		<g fill-rule="nonzero" fill="#111516">
			<polygon points="2.84 11 12 1.82 10.95 0.77 0.71 11 10.95 21.23 12 20.18"></polygon>
		</g>
	</g>
</svg>
</button>
										Tobacco Products</span>
                                    <div class="c-header-mobile-navigation__view--level-1-content">
                                        <div class="section section--content-width">

                                            <div class="c-header-navigation__content-inner c-header-navigation__content-inner--compact">
                                                <ul class="c-header-navigation__col">
                                                            <li class="c-header-navigation__col-item util-medium c-header-navigation__col-item-childrenfilled">
                                                                    <a href="/en/global/tobacco-products/cigarettes/c/cat_8010/" 
                                                                               class="c-data-forward-link"
                                                                               data-tracking-flyout-second-level="Cigarettes"
                                                                            >

																		<span class="c-link-text-body">
																			<span class="c-link-text-body__arrow">&rsaquo;</span>
																			<span>
																				<span class="">Cigarettes</span>
																			</span>
																		</span>

                                                                            </a>
                                                                        <div data-mobilenav-page="2"
                                                                         class="c-header-mobile-navigation__view--level-2">
																	<span class="c-header-navigation__title">
																			<button data-mobilenav-back>
																				<svg class="icon icon-caret-left" width="8px" height="14px" viewBox="0 0 12 22" version="1.1" xmlns="http://www.w3.org/2000/svg" xmlns:xlink="http://www.w3.org/1999/xlink">
	<g stroke="none" stroke-width="1" fill="none" fill-rule="evenodd">
		<g fill-rule="nonzero" fill="#111516">
			<polygon points="2.84 11 12 1.82 10.95 0.77 0.71 11 10.95 21.23 12 20.18"></polygon>
		</g>
	</g>
</svg>
</button>
																			Cigarettes</span>
                                                                        <div class="c-header-mobile-navigation__view--level-2-content">
                                                                            <ul class="c-header-navigation__second-col">
                                                                                <li class="c-header-navigation-desktop-hide">
                                                                                    <div class="c-header-navigation__content-appendix util-link-right-single-quotation">
                                                                                        <a href="/en/global/tobacco-products/cigarettes/c/cat_8010/"><svg class="icon icon-caret-right" width="8px" height="14px" viewBox="0 0 12 22" version="1.1" xmlns="http://www.w3.org/2000/svg" xmlns:xlink="http://www.w3.org/1999/xlink">
	<g stroke="none" stroke-width="1" fill="none" fill-rule="evenodd">
		<g fill-rule="nonzero" fill="#111516">
			<polygon points="11.29 11 1.05 0.77 0 1.82 9.16 11 0 20.18 1.05 21.23"></polygon>
		</g>
	</g>
</svg>

Show all</a>
                                                                                    </div>
                                                                                </li>
                                                                            </ul>
                                                                        </div>
                                                                    </div>
                                                                </li>
                                                            </ul>
                                                    <ul class="c-header-navigation__col">
                                                            <li class="c-header-navigation__col-item util-medium c-header-navigation__col-item-childrenfilled">
                                                                    <a href="/en/global/tobacco-products/cigars/c/cat_8020/" 
                                                                               class="c-data-forward-link"
                                                                               data-tracking-flyout-second-level="Cigars"
                                                                            >

																		<span class="c-link-text-body">
																			<span class="c-link-text-body__arrow">&rsaquo;</span>
																			<span>
																				<span class="">Cigars</span>
																			</span>
																		</span>

                                                                            </a>
                                                                        <div data-mobilenav-page="2"
                                                                         class="c-header-mobile-navigation__view--level-2">
																	<span class="c-header-navigation__title">
																			<button data-mobilenav-back>
																				<svg class="icon icon-caret-left" width="8px" height="14px" viewBox="0 0 12 22" version="1.1" xmlns="http://www.w3.org/2000/svg" xmlns:xlink="http://www.w3.org/1999/xlink">
	<g stroke="none" stroke-width="1" fill="none" fill-rule="evenodd">
		<g fill-rule="nonzero" fill="#111516">
			<polygon points="2.84 11 12 1.82 10.95 0.77 0.71 11 10.95 21.23 12 20.18"></polygon>
		</g>
	</g>
</svg>
</button>
																			Cigars</span>
                                                                        <div class="c-header-mobile-navigation__view--level-2-content">
                                                                            <ul class="c-header-navigation__second-col">
                                                                                <li class="c-header-navigation-desktop-hide">
                                                                                    <div class="c-header-navigation__content-appendix util-link-right-single-quotation">
                                                                                        <a href="/en/global/tobacco-products/cigars/c/cat_8020/"><svg class="icon icon-caret-right" width="8px" height="14px" viewBox="0 0 12 22" version="1.1" xmlns="http://www.w3.org/2000/svg" xmlns:xlink="http://www.w3.org/1999/xlink">
	<g stroke="none" stroke-width="1" fill="none" fill-rule="evenodd">
		<g fill-rule="nonzero" fill="#111516">
			<polygon points="11.29 11 1.05 0.77 0 1.82 9.16 11 0 20.18 1.05 21.23"></polygon>
		</g>
	</g>
</svg>

Show all</a>
                                                                                    </div>
                                                                                </li>
                                                                            </ul>
                                                                        </div>
                                                                    </div>
                                                                </li>
                                                            </ul>
                                                    <ul class="c-header-navigation__col">
                                                            <li class="c-header-navigation__col-item util-medium c-header-navigation__col-item-childrenfilled">
                                                                    <a href="/en/global/tobacco-products/cigarettes-pipe-tobacco/c/cat_8040/" 
                                                                               class="c-data-forward-link"
                                                                               data-tracking-flyout-second-level="Cigarettes & Pipe Tobacco "
                                                                            >

																		<span class="c-link-text-body">
																			<span class="c-link-text-body__arrow">&rsaquo;</span>
																			<span>
																				<span class="">Cigarettes & Pipe Tobacco </span>
																			</span>
																		</span>

                                                                            </a>
                                                                        <div data-mobilenav-page="2"
                                                                         class="c-header-mobile-navigation__view--level-2">
																	<span class="c-header-navigation__title">
																			<button data-mobilenav-back>
																				<svg class="icon icon-caret-left" width="8px" height="14px" viewBox="0 0 12 22" version="1.1" xmlns="http://www.w3.org/2000/svg" xmlns:xlink="http://www.w3.org/1999/xlink">
	<g stroke="none" stroke-width="1" fill="none" fill-rule="evenodd">
		<g fill-rule="nonzero" fill="#111516">
			<polygon points="2.84 11 12 1.82 10.95 0.77 0.71 11 10.95 21.23 12 20.18"></polygon>
		</g>
	</g>
</svg>
</button>
																			Cigarettes & Pipe Tobacco </span>
                                                                        <div class="c-header-mobile-navigation__view--level-2-content">
                                                                            <ul class="c-header-navigation__second-col">
                                                                                <li class="c-header-navigation-desktop-hide">
                                                                                    <div class="c-header-navigation__content-appendix util-link-right-single-quotation">
                                                                                        <a href="/en/global/tobacco-products/cigarettes-pipe-tobacco/c/cat_8040/"><svg class="icon icon-caret-right" width="8px" height="14px" viewBox="0 0 12 22" version="1.1" xmlns="http://www.w3.org/2000/svg" xmlns:xlink="http://www.w3.org/1999/xlink">
	<g stroke="none" stroke-width="1" fill="none" fill-rule="evenodd">
		<g fill-rule="nonzero" fill="#111516">
			<polygon points="11.29 11 1.05 0.77 0 1.82 9.16 11 0 20.18 1.05 21.23"></polygon>
		</g>
	</g>
</svg>

Show all</a>
                                                                                    </div>
                                                                                </li>
                                                                            </ul>
                                                                        </div>
                                                                    </div>
                                                                </li>
                                                            </ul>
                                                    <ul class="c-header-navigation__col">
                                                            <li class="c-header-navigation__col-item util-medium c-header-navigation__col-item-childrenfilled">
                                                                    <a href="/en/global/tobacco-products/smoke-free-products/c/cat_8050/" 
                                                                               class="c-data-forward-link"
                                                                               data-tracking-flyout-second-level="Smoke Free Products"
                                                                            >

																		<span class="c-link-text-body">
																			<span class="c-link-text-body__arrow">&rsaquo;</span>
																			<span>
																				<span class="">Smoke Free Products</span>
																			</span>
																		</span>

                                                                            </a>
                                                                        <div data-mobilenav-page="2"
                                                                         class="c-header-mobile-navigation__view--level-2">
																	<span class="c-header-navigation__title">
																			<button data-mobilenav-back>
																				<svg class="icon icon-caret-left" width="8px" height="14px" viewBox="0 0 12 22" version="1.1" xmlns="http://www.w3.org/2000/svg" xmlns:xlink="http://www.w3.org/1999/xlink">
	<g stroke="none" stroke-width="1" fill="none" fill-rule="evenodd">
		<g fill-rule="nonzero" fill="#111516">
			<polygon points="2.84 11 12 1.82 10.95 0.77 0.71 11 10.95 21.23 12 20.18"></polygon>
		</g>
	</g>
</svg>
</button>
																			Smoke Free Products</span>
                                                                        <div class="c-header-mobile-navigation__view--level-2-content">
                                                                            <ul class="c-header-navigation__second-col">
                                                                                <li class="c-header-navigation-desktop-hide">
                                                                                    <div class="c-header-navigation__content-appendix util-link-right-single-quotation">
                                                                                        <a href="/en/global/tobacco-products/smoke-free-products/c/cat_8050/"><svg class="icon icon-caret-right" width="8px" height="14px" viewBox="0 0 12 22" version="1.1" xmlns="http://www.w3.org/2000/svg" xmlns:xlink="http://www.w3.org/1999/xlink">
	<g stroke="none" stroke-width="1" fill="none" fill-rule="evenodd">
		<g fill-rule="nonzero" fill="#111516">
			<polygon points="11.29 11 1.05 0.77 0 1.82 9.16 11 0 20.18 1.05 21.23"></polygon>
		</g>
	</g>
</svg>

Show all</a>
                                                                                    </div>
                                                                                </li>
                                                                            </ul>
                                                                        </div>
                                                                    </div>
                                                                </li>
                                                            </ul>
                                                    <ul class="c-header-navigation__col">
                                                            <li class="c-header-navigation__col-item util-medium c-header-navigation__col-item-childrenfilled">
                                                                    <a href="/en/global/tobacco-products/e-cigarettes/c/cat_8060/" 
                                                                               class="c-data-forward-link"
                                                                               data-tracking-flyout-second-level="E-Cigarettes"
                                                                            >

																		<span class="c-link-text-body">
																			<span class="c-link-text-body__arrow">&rsaquo;</span>
																			<span>
																				<span class="">E-Cigarettes</span>
																			</span>
																		</span>

                                                                            </a>
                                                                        <div data-mobilenav-page="2"
                                                                         class="c-header-mobile-navigation__view--level-2">
																	<span class="c-header-navigation__title">
																			<button data-mobilenav-back>
																				<svg class="icon icon-caret-left" width="8px" height="14px" viewBox="0 0 12 22" version="1.1" xmlns="http://www.w3.org/2000/svg" xmlns:xlink="http://www.w3.org/1999/xlink">
	<g stroke="none" stroke-width="1" fill="none" fill-rule="evenodd">
		<g fill-rule="nonzero" fill="#111516">
			<polygon points="2.84 11 12 1.82 10.95 0.77 0.71 11 10.95 21.23 12 20.18"></polygon>
		</g>
	</g>
</svg>
</button>
																			E-Cigarettes</span>
                                                                        <div class="c-header-mobile-navigation__view--level-2-content">
                                                                            <ul class="c-header-navigation__second-col">
                                                                                <li class="c-header-navigation-desktop-hide">
                                                                                    <div class="c-header-navigation__content-appendix util-link-right-single-quotation">
                                                                                        <a href="/en/global/tobacco-products/e-cigarettes/c/cat_8060/"><svg class="icon icon-caret-right" width="8px" height="14px" viewBox="0 0 12 22" version="1.1" xmlns="http://www.w3.org/2000/svg" xmlns:xlink="http://www.w3.org/1999/xlink">
	<g stroke="none" stroke-width="1" fill="none" fill-rule="evenodd">
		<g fill-rule="nonzero" fill="#111516">
			<polygon points="11.29 11 1.05 0.77 0 1.82 9.16 11 0 20.18 1.05 21.23"></polygon>
		</g>
	</g>
</svg>

Show all</a>
                                                                                    </div>
                                                                                </li>
                                                                            </ul>
                                                                        </div>
                                                                    </div>
                                                                </li>
                                                            </ul>
                                                    <ul class="c-header-navigation__col">
                                                            <li class="c-header-navigation__col-item util-medium c-header-navigation__col-item-childrenfilled">
                                                                    <a href="/en/global/tobacco-products/nicotine-pouches/c/cat_8070/" 
                                                                               class="c-data-forward-link"
                                                                               data-tracking-flyout-second-level="Nicotine Pouches"
                                                                            >

																		<span class="c-link-text-body">
																			<span class="c-link-text-body__arrow">&rsaquo;</span>
																			<span>
																				<span class="">Nicotine Pouches</span>
																			</span>
																		</span>

                                                                            </a>
                                                                        <div data-mobilenav-page="2"
                                                                         class="c-header-mobile-navigation__view--level-2">
																	<span class="c-header-navigation__title">
																			<button data-mobilenav-back>
																				<svg class="icon icon-caret-left" width="8px" height="14px" viewBox="0 0 12 22" version="1.1" xmlns="http://www.w3.org/2000/svg" xmlns:xlink="http://www.w3.org/1999/xlink">
	<g stroke="none" stroke-width="1" fill="none" fill-rule="evenodd">
		<g fill-rule="nonzero" fill="#111516">
			<polygon points="2.84 11 12 1.82 10.95 0.77 0.71 11 10.95 21.23 12 20.18"></polygon>
		</g>
	</g>
</svg>
</button>
																			Nicotine Pouches</span>
                                                                        <div class="c-header-mobile-navigation__view--level-2-content">
                                                                            <ul class="c-header-navigation__second-col">
                                                                                <li class="c-header-navigation-desktop-hide">
                                                                                    <div class="c-header-navigation__content-appendix util-link-right-single-quotation">
                                                                                        <a href="/en/global/tobacco-products/nicotine-pouches/c/cat_8070/"><svg class="icon icon-caret-right" width="8px" height="14px" viewBox="0 0 12 22" version="1.1" xmlns="http://www.w3.org/2000/svg" xmlns:xlink="http://www.w3.org/1999/xlink">
	<g stroke="none" stroke-width="1" fill="none" fill-rule="evenodd">
		<g fill-rule="nonzero" fill="#111516">
			<polygon points="11.29 11 1.05 0.77 0 1.82 9.16 11 0 20.18 1.05 21.23"></polygon>
		</g>
	</g>
</svg>

Show all</a>
                                                                                    </div>
                                                                                </li>
                                                                            </ul>
                                                                        </div>
                                                                    </div>
                                                                </li>
                                                            </ul>
                                                    </div>
                                            <div class="c-header-navigation__content-appendix util-link-right-single-quotation">
                                                <a href="/en/global/tobacco-products/c/cat_8000/" 
                                                   data-tracking-flyout-show-all="Tobacco Products"><svg class="icon icon-caret-right" width="8px" height="14px" viewBox="0 0 12 22" version="1.1" xmlns="http://www.w3.org/2000/svg" xmlns:xlink="http://www.w3.org/1999/xlink">
	<g stroke="none" stroke-width="1" fill="none" fill-rule="evenodd">
		<g fill-rule="nonzero" fill="#111516">
			<polygon points="11.29 11 1.05 0.77 0 1.82 9.16 11 0 20.18 1.05 21.23"></polygon>
		</g>
	</g>
</svg>

Show all</a>
                                            </div>
                                        </div>
                                    </div>
                                </div>
                            </div>

                    <div class="c-header-navigation__nav-item" data-mobilenav-page="0">
                            <a itemprop="url"
                                       href="/en/global/custom-made-categories/other/c/customcat_3000/"
                                        
                                       class="c-header-navigation__nav-link js-header-navigation-prevent-link c-header-navigation__nav-link--arrow js-nav-point"
                                       data-mobilenav-forward
                                    >
                                        <span itemprop="name">Other</span>
                                        <div class="c-header-navigation__nav-link-svg-right">
                                            <svg class="icon icon-caret-right" width="8px" height="14px" viewBox="0 0 12 22" version="1.1" xmlns="http://www.w3.org/2000/svg" xmlns:xlink="http://www.w3.org/1999/xlink">
	<g stroke="none" stroke-width="1" fill="none" fill-rule="evenodd">
		<g fill-rule="nonzero" fill="#111516">
			<polygon points="11.29 11 1.05 0.77 0 1.82 9.16 11 0 20.18 1.05 21.23"></polygon>
		</g>
	</g>
</svg>

</div>
                                    </a>
                                <div class="c-header-navigation__content c-header-mobile-navigation__view--level-1"
                                     data-mobilenav-page="1">
								<span class="c-header-navigation__title">
										<button data-mobilenav-back>
											<svg class="icon icon-caret-left" width="8px" height="14px" viewBox="0 0 12 22" version="1.1" xmlns="http://www.w3.org/2000/svg" xmlns:xlink="http://www.w3.org/1999/xlink">
	<g stroke="none" stroke-width="1" fill="none" fill-rule="evenodd">
		<g fill-rule="nonzero" fill="#111516">
			<polygon points="2.84 11 12 1.82 10.95 0.77 0.71 11 10.95 21.23 12 20.18"></polygon>
		</g>
	</g>
</svg>
</button>
										Other</span>
                                    <div class="c-header-mobile-navigation__view--level-1-content">
                                        <div class="section section--content-width">

                                            <div class="c-header-navigation__content-inner">
                                                <ul class="c-header-navigation__col">
                                                            <li class="c-header-navigation__col-item util-medium c-header-navigation__col-item-childrenfilled">
                                                                    <a data-mobilenav-forward
                                                                               href="/en/global/accessories/c/cat_7000/" 
                                                                               class="c-data-forward-link"
                                                                            >



																		<span class="c-header-navigation-flex">
																			<span class="c-header-navigation-mobile-hide-inline-arrow">&rsaquo;</span>
																			<span class="">
																				<span>Accessories</span>
																			</span>
																		</span>

                                                                                <div class="c-header-navigation__nav-link-svg-right">
                                                                                    <svg class="icon icon-caret-right" width="8px" height="14px" viewBox="0 0 12 22" version="1.1" xmlns="http://www.w3.org/2000/svg" xmlns:xlink="http://www.w3.org/1999/xlink">
	<g stroke="none" stroke-width="1" fill="none" fill-rule="evenodd">
		<g fill-rule="nonzero" fill="#111516">
			<polygon points="11.29 11 1.05 0.77 0 1.82 9.16 11 0 20.18 1.05 21.23"></polygon>
		</g>
	</g>
</svg>

</div>


                                                                            </a>
                                                                        <div data-mobilenav-page="2"
                                                                         class="c-header-mobile-navigation__view--level-2">
																	<span class="c-header-navigation__title">
																			<button data-mobilenav-back>
																				<svg class="icon icon-caret-left" width="8px" height="14px" viewBox="0 0 12 22" version="1.1" xmlns="http://www.w3.org/2000/svg" xmlns:xlink="http://www.w3.org/1999/xlink">
	<g stroke="none" stroke-width="1" fill="none" fill-rule="evenodd">
		<g fill-rule="nonzero" fill="#111516">
			<polygon points="2.84 11 12 1.82 10.95 0.77 0.71 11 10.95 21.23 12 20.18"></polygon>
		</g>
	</g>
</svg>
</button>
																			Accessories</span>
                                                                        <div class="c-header-mobile-navigation__view--level-2-content">
                                                                            <ul class="c-header-navigation__second-col">
                                                                                <li class="c-header-navigation__col-item">
                                                                                                <a href="/en/global/accessories/watches/c/cat_7020/" 
                                                                                                   class="c-data-forward-link-second"
                                                                                                   data-tracking-flyout-third-level="Watches">
																								<span class="c-header-navigation-flex">
																									<span class="c-header-navigation-arrow-right-link">&rsaquo;</span>
																									<span>
																										<span class="">
                                                                                                                Watches</span>
																									</span>
																								</span>
                                                                                                </a>
                                                                                            </li>
                                                                                        <li class="c-header-navigation__col-item">
                                                                                                <a href="/en/global/accessories/jewellery/c/cat_7030/" 
                                                                                                   class="c-data-forward-link-second"
                                                                                                   data-tracking-flyout-third-level="Jewellery">
																								<span class="c-header-navigation-flex">
																									<span class="c-header-navigation-arrow-right-link">&rsaquo;</span>
																									<span>
																										<span class="">
                                                                                                                Jewellery</span>
																									</span>
																								</span>
                                                                                                </a>
                                                                                            </li>
                                                                                        <li class="c-header-navigation__col-item">
                                                                                                <a href="/en/global/accessories/sunglasses/c/cat_7010/" 
                                                                                                   class="c-data-forward-link-second"
                                                                                                   data-tracking-flyout-third-level="Sunglasses">
																								<span class="c-header-navigation-flex">
																									<span class="c-header-navigation-arrow-right-link">&rsaquo;</span>
																									<span>
																										<span class="">
                                                                                                                Sunglasses</span>
																									</span>
																								</span>
                                                                                                </a>
                                                                                            </li>
                                                                                        <li class="c-header-navigation__col-item">
                                                                                                <a href="/en/global/accessories/writing-instruments/c/cat_7040/" 
                                                                                                   class="c-data-forward-link-second"
                                                                                                   data-tracking-flyout-third-level="Writing instruments">
																								<span class="c-header-navigation-flex">
																									<span class="c-header-navigation-arrow-right-link">&rsaquo;</span>
																									<span>
																										<span class="">
                                                                                                                Writing instruments</span>
																									</span>
																								</span>
                                                                                                </a>
                                                                                            </li>
                                                                                        <li class="c-header-navigation__col-item">
                                                                                                <a href="/en/global/accessories/travel-accessories/c/cat_10076/" 
                                                                                                   class="c-data-forward-link-second"
                                                                                                   data-tracking-flyout-third-level="Travel Accessories">
																								<span class="c-header-navigation-flex">
																									<span class="c-header-navigation-arrow-right-link">&rsaquo;</span>
																									<span>
																										<span class="">
                                                                                                                Travel Accessories</span>
																									</span>
																								</span>
                                                                                                </a>
                                                                                            </li>
                                                                                        <li class="c-header-navigation-desktop-hide">
                                                                                    <div class="c-header-navigation__content-appendix util-link-right-single-quotation">
                                                                                        <a href="/en/global/accessories/c/cat_7000/"><svg class="icon icon-caret-right" width="8px" height="14px" viewBox="0 0 12 22" version="1.1" xmlns="http://www.w3.org/2000/svg" xmlns:xlink="http://www.w3.org/1999/xlink">
	<g stroke="none" stroke-width="1" fill="none" fill-rule="evenodd">
		<g fill-rule="nonzero" fill="#111516">
			<polygon points="11.29 11 1.05 0.77 0 1.82 9.16 11 0 20.18 1.05 21.23"></polygon>
		</g>
	</g>
</svg>

Show all</a>
                                                                                    </div>
                                                                                </li>
                                                                            </ul>
                                                                        </div>
                                                                    </div>
                                                                </li>
                                                            </ul>
                                                    <ul class="c-header-navigation__col">
                                                            <li class="c-header-navigation__col-item util-medium c-header-navigation__col-item-childrenfilled">
                                                                    <a data-mobilenav-forward
                                                                               href="/en/global/toys/c/cat_9000/" 
                                                                               class="c-data-forward-link"
                                                                            >



																		<span class="c-header-navigation-flex">
																			<span class="c-header-navigation-mobile-hide-inline-arrow">&rsaquo;</span>
																			<span class="">
																				<span>Toys</span>
																			</span>
																		</span>

                                                                                <div class="c-header-navigation__nav-link-svg-right">
                                                                                    <svg class="icon icon-caret-right" width="8px" height="14px" viewBox="0 0 12 22" version="1.1" xmlns="http://www.w3.org/2000/svg" xmlns:xlink="http://www.w3.org/1999/xlink">
	<g stroke="none" stroke-width="1" fill="none" fill-rule="evenodd">
		<g fill-rule="nonzero" fill="#111516">
			<polygon points="11.29 11 1.05 0.77 0 1.82 9.16 11 0 20.18 1.05 21.23"></polygon>
		</g>
	</g>
</svg>

</div>


                                                                            </a>
                                                                        <div data-mobilenav-page="2"
                                                                         class="c-header-mobile-navigation__view--level-2">
																	<span class="c-header-navigation__title">
																			<button data-mobilenav-back>
																				<svg class="icon icon-caret-left" width="8px" height="14px" viewBox="0 0 12 22" version="1.1" xmlns="http://www.w3.org/2000/svg" xmlns:xlink="http://www.w3.org/1999/xlink">
	<g stroke="none" stroke-width="1" fill="none" fill-rule="evenodd">
		<g fill-rule="nonzero" fill="#111516">
			<polygon points="2.84 11 12 1.82 10.95 0.77 0.71 11 10.95 21.23 12 20.18"></polygon>
		</g>
	</g>
</svg>
</button>
																			Toys</span>
                                                                        <div class="c-header-mobile-navigation__view--level-2-content">
                                                                            <ul class="c-header-navigation__second-col">
                                                                                <li class="c-header-navigation__col-item">
                                                                                                <a href="/en/global/toys/travel-games/c/cat_9060/" 
                                                                                                   class="c-data-forward-link-second"
                                                                                                   data-tracking-flyout-third-level="Travel Games">
																								<span class="c-header-navigation-flex">
																									<span class="c-header-navigation-arrow-right-link">&rsaquo;</span>
																									<span>
																										<span class="">
                                                                                                                Travel Games</span>
																									</span>
																								</span>
                                                                                                </a>
                                                                                            </li>
                                                                                        <li class="c-header-navigation__col-item">
                                                                                                <a href="/en/global/toys/building-blocks-games/c/cat_9040/" 
                                                                                                   class="c-data-forward-link-second"
                                                                                                   data-tracking-flyout-third-level="Building Blocks & Games">
																								<span class="c-header-navigation-flex">
																									<span class="c-header-navigation-arrow-right-link">&rsaquo;</span>
																									<span>
																										<span class="">
                                                                                                                Building Blocks & Games</span>
																									</span>
																								</span>
                                                                                                </a>
                                                                                            </li>
                                                                                        <li class="c-header-navigation__col-item">
                                                                                                <a href="/en/global/toys/dolls-action-figures/c/cat_9030/" 
                                                                                                   class="c-data-forward-link-second"
                                                                                                   data-tracking-flyout-third-level="Dolls & Action Figures">
																								<span class="c-header-navigation-flex">
																									<span class="c-header-navigation-arrow-right-link">&rsaquo;</span>
																									<span>
																										<span class="">
                                                                                                                Dolls & Action Figures</span>
																									</span>
																								</span>
                                                                                                </a>
                                                                                            </li>
                                                                                        <li class="c-header-navigation__col-item">
                                                                                                <a href="/en/global/toys/soft-toys/c/cat_9020/" 
                                                                                                   class="c-data-forward-link-second"
                                                                                                   data-tracking-flyout-third-level="Soft Toys">
																								<span class="c-header-navigation-flex">
																									<span class="c-header-navigation-arrow-right-link">&rsaquo;</span>
																									<span>
																										<span class="">
                                                                                                                Soft Toys</span>
																									</span>
																								</span>
                                                                                                </a>
                                                                                            </li>
                                                                                        <li class="c-header-navigation__col-item">
                                                                                                <a href="/en/global/toys/arts-crafts/c/cat_9010/" 
                                                                                                   class="c-data-forward-link-second"
                                                                                                   data-tracking-flyout-third-level="Arts & Crafts">
																								<span class="c-header-navigation-flex">
																									<span class="c-header-navigation-arrow-right-link">&rsaquo;</span>
																									<span>
																										<span class="">
                                                                                                                Arts & Crafts</span>
																									</span>
																								</span>
                                                                                                </a>
                                                                                            </li>
                                                                                        <li class="c-header-navigation__col-item">
                                                                                                <a href="/en/global/toys/others/c/cat_9050/" 
                                                                                                   class="c-data-forward-link-second"
                                                                                                   data-tracking-flyout-third-level="Others">
																								<span class="c-header-navigation-flex">
																									<span class="c-header-navigation-arrow-right-link">&rsaquo;</span>
																									<span>
																										<span class="">
                                                                                                                Others</span>
																									</span>
																								</span>
                                                                                                </a>
                                                                                            </li>
                                                                                        <li class="c-header-navigation-desktop-hide">
                                                                                    <div class="c-header-navigation__content-appendix util-link-right-single-quotation">
                                                                                        <a href="/en/global/toys/c/cat_9000/"><svg class="icon icon-caret-right" width="8px" height="14px" viewBox="0 0 12 22" version="1.1" xmlns="http://www.w3.org/2000/svg" xmlns:xlink="http://www.w3.org/1999/xlink">
	<g stroke="none" stroke-width="1" fill="none" fill-rule="evenodd">
		<g fill-rule="nonzero" fill="#111516">
			<polygon points="11.29 11 1.05 0.77 0 1.82 9.16 11 0 20.18 1.05 21.23"></polygon>
		</g>
	</g>
</svg>

Show all</a>
                                                                                    </div>
                                                                                </li>
                                                                            </ul>
                                                                        </div>
                                                                    </div>
                                                                </li>
                                                            </ul>
                                                    <ul class="c-header-navigation__col">
                                                            <li class="c-header-navigation__col-item util-medium c-header-navigation__col-item-childrenfilled">
                                                                    <a data-mobilenav-forward
                                                                               href="/en/global/fine-foods-sweets/c/cat_6000/" 
                                                                               class="c-data-forward-link"
                                                                            >



																		<span class="c-header-navigation-flex">
																			<span class="c-header-navigation-mobile-hide-inline-arrow">&rsaquo;</span>
																			<span class="">
																				<span>Fine Foods & Sweets</span>
																			</span>
																		</span>

                                                                                <div class="c-header-navigation__nav-link-svg-right">
                                                                                    <svg class="icon icon-caret-right" width="8px" height="14px" viewBox="0 0 12 22" version="1.1" xmlns="http://www.w3.org/2000/svg" xmlns:xlink="http://www.w3.org/1999/xlink">
	<g stroke="none" stroke-width="1" fill="none" fill-rule="evenodd">
		<g fill-rule="nonzero" fill="#111516">
			<polygon points="11.29 11 1.05 0.77 0 1.82 9.16 11 0 20.18 1.05 21.23"></polygon>
		</g>
	</g>
</svg>

</div>


                                                                            </a>
                                                                        <div data-mobilenav-page="2"
                                                                         class="c-header-mobile-navigation__view--level-2">
																	<span class="c-header-navigation__title">
																			<button data-mobilenav-back>
																				<svg class="icon icon-caret-left" width="8px" height="14px" viewBox="0 0 12 22" version="1.1" xmlns="http://www.w3.org/2000/svg" xmlns:xlink="http://www.w3.org/1999/xlink">
	<g stroke="none" stroke-width="1" fill="none" fill-rule="evenodd">
		<g fill-rule="nonzero" fill="#111516">
			<polygon points="2.84 11 12 1.82 10.95 0.77 0.71 11 10.95 21.23 12 20.18"></polygon>
		</g>
	</g>
</svg>
</button>
																			Fine Foods & Sweets</span>
                                                                        <div class="c-header-mobile-navigation__view--level-2-content">
                                                                            <ul class="c-header-navigation__second-col">
                                                                                <li class="c-header-navigation__col-item">
                                                                                                <a href="/en/global/fine-foods-sweets/delicacies/c/cat_6010/" 
                                                                                                   class="c-data-forward-link-second"
                                                                                                   data-tracking-flyout-third-level="Delicacies">
																								<span class="c-header-navigation-flex">
																									<span class="c-header-navigation-arrow-right-link">&rsaquo;</span>
																									<span>
																										<span class="">
                                                                                                                Delicacies</span>
																									</span>
																								</span>
                                                                                                </a>
                                                                                            </li>
                                                                                        <li class="c-header-navigation__col-item">
                                                                                                <a href="/en/global/fine-foods-sweets/sweets/c/cat_6030/" 
                                                                                                   class="c-data-forward-link-second"
                                                                                                   data-tracking-flyout-third-level="Sweets">
																								<span class="c-header-navigation-flex">
																									<span class="c-header-navigation-arrow-right-link">&rsaquo;</span>
																									<span>
																										<span class="">
                                                                                                                Sweets</span>
																									</span>
																								</span>
                                                                                                </a>
                                                                                            </li>
                                                                                        <li class="c-header-navigation-desktop-hide">
                                                                                    <div class="c-header-navigation__content-appendix util-link-right-single-quotation">
                                                                                        <a href="/en/global/fine-foods-sweets/c/cat_6000/"><svg class="icon icon-caret-right" width="8px" height="14px" viewBox="0 0 12 22" version="1.1" xmlns="http://www.w3.org/2000/svg" xmlns:xlink="http://www.w3.org/1999/xlink">
	<g stroke="none" stroke-width="1" fill="none" fill-rule="evenodd">
		<g fill-rule="nonzero" fill="#111516">
			<polygon points="11.29 11 1.05 0.77 0 1.82 9.16 11 0 20.18 1.05 21.23"></polygon>
		</g>
	</g>
</svg>

Show all</a>
                                                                                    </div>
                                                                                </li>
                                                                            </ul>
                                                                        </div>
                                                                    </div>
                                                                </li>
                                                            </ul>
                                                    </div>
                                            <div class="c-header-navigation__content-appendix util-link-right-single-quotation">
                                                <a href="/en/global/custom-made-categories/other/c/customcat_3000/" 
                                                   data-tracking-flyout-show-all="Other"><svg class="icon icon-caret-right" width="8px" height="14px" viewBox="0 0 12 22" version="1.1" xmlns="http://www.w3.org/2000/svg" xmlns:xlink="http://www.w3.org/1999/xlink">
	<g stroke="none" stroke-width="1" fill="none" fill-rule="evenodd">
		<g fill-rule="nonzero" fill="#111516">
			<polygon points="11.29 11 1.05 0.77 0 1.82 9.16 11 0 20.18 1.05 21.23"></polygon>
		</g>
	</g>
</svg>

Show all</a>
                                            </div>
                                        </div>
                                    </div>
                                </div>
                            </div>

                    </div>
        </div>
    </div>
</nav>

<span style="height: 0;" id="global-message-edge"></span>
</div>
<div class="section section--content-width global-messages">


	<div class="e-global-message e-global-message--success" data-global-message="programmatic-success">
			<div class="e-global-message__icon e-global-message__icon--success">
				<svg class="icon icon-checkmarkround" width="20px" height="20px" viewBox="0 0 20 20" version="1.1" xmlns="http://www.w3.org/2000/svg"
>
	<g stroke="none" stroke-width="1" fill="none" fill-rule="evenodd">
		<g>
			<path d="M10,0 C4.48,0 0,4.48 0,10 C0,15.52 4.48,20 10,20 C15.52,20 20,15.52 20,10 C20,4.48 15.52,0 10,0 L10,0 Z"
				  fill="#33b085"></path>
			<polygon fill="#FFFFFF"
					 points="7.81818182 12.119403 4.95454545 9.29850746 4 10.238806 7.81818182 14 16 5.94029851 15.0454545 5"></polygon>
		</g>
	</g>
</svg>
</div>
			<span class="e-global-message__message e-global-message__message--success">
			</span>
		</div>

		<div class="e-global-message e-global-message--warning" data-global-message="programmatic-warning">
			<div class="e-global-message__icon e-global-message__icon--warning">
				<svg class="icon icon-warning" width="20px" height="20px" viewBox="0 0 20 20" version="1.1" xmlns="http://www.w3.org/2000/svg">
	<g stroke="none" stroke-width="1" fill="none" fill-rule="evenodd">
		<path d="M10,0 C4.48,0 0,4.48 0,10 C0,15.52 4.48,20 10,20 C15.52,20 20,15.52 20,10 C20,4.48 15.52,0 10,0 L10,0 Z M11,15 L9,15 L9,13 L11,13 L11,15 L11,15 Z M11,11 L9,11 L9,5 L11,5 L11,11 L11,11 Z"
			  fill="#DC0023"></path>
	</g>
</svg></div>
			<span class="e-global-message__message e-global-message__message--warning">
			</span>
		</div>
		<div class="e-global-message e-global-message--error">
			<div class="e-global-message__icon e-global-message__icon--error">
				<svg class="icon icon-warning" width="20px" height="20px" viewBox="0 0 20 20" version="1.1" xmlns="http://www.w3.org/2000/svg">
	<g stroke="none" stroke-width="1" fill="none" fill-rule="evenodd">
		<path d="M10,0 C4.48,0 0,4.48 0,10 C0,15.52 4.48,20 10,20 C15.52,20 20,15.52 20,10 C20,4.48 15.52,0 10,0 L10,0 Z M11,15 L9,15 L9,13 L11,13 L11,15 L11,15 Z M11,11 L9,11 L9,5 L11,5 L11,11 L11,11 Z"
			  fill="#DC0023"></path>
	</g>
</svg></div>
			<span class="e-global-message__message e-global-message__message--error">Please check your details in the fields marked in red.</span>
		</div>
	</div>
<div class="c-page-layout">
				<main>
					<div class="mdc-layout-grid u-plr-none-desktop-m">
        <div class="yCmsContentSlot mdc-layout-grid__inner">
<section class="yCmsComponent mdc-layout-grid__cell mdc-layout-grid__cell--span-12">
<div class="c-hero-slider js-hero-slider" data-track-slider>
    <div class="yCmsComponent c-hero-slider__slide">
<div
        data-track-view
        data-track-click="/en/global/marc-jacobs-daisy-wild-eau-so-intense"
        data-track-type="banner"
        data-track>
    <script type="application/json" class="js-track-payload">
        {"id": "comp_000094RQ", "name": "03-2025 New Home | XL Teaser | Marc Jacobs", "creative": "2025-01-16", "position": "Default ContentStage for NEW HOMEPAGE"}
    </script>
    <a href="/en/global/marc-jacobs-daisy-wild-eau-so-intense"
        >
        <div class="c-teaser  c-teaser--xl"
                
                    style="background-color: #f5f5f5"
                
        >
            <picture class="c-teaser__img-wrapper">
                <source srcset="/medias/03-2025-Marc-Jacobs-Daisy-Wild-XL-Mobile-480x360.JPG?context=bWFzdGVyfGltYWdlc3wxODY2OTR8aW1hZ2UvanBlZ3xhRGt3TDJnMFpTOHhNVGM0TmpReE1Ua3dNRGsxT0M4d015MHlNREkxTFUxaGNtTXRTbUZqYjJKekxVUmhhWE41TFZkcGJHUXRXRXd0VFc5aWFXeGxMVFE0TUhnek5qQXVTbEJIfGE0MzAzNTVkYWVlMDM2OThlNzZmMWZmNmU2ZGZlMGNkZjBhYmVhNzRmYjU2MzdlMmVmNTI3YmMwMTJmNDBmZGM&v=1739957138557" media="(max-width: 699px)">
                <img src="/_ui/20250325002051/responsive/theme-gh/images/filler.png" data-lazyload-src="/medias/03-2025-Marc-Jacobs-Daisy-Wild-XL-Desktop-864x486.JPG?context=bWFzdGVyfGltYWdlc3wxOTczNzJ8aW1hZ2UvanBlZ3xhRGRtTDJnMFlpOHhNVGM0TmpReE1UZ3pOVFF5TWk4d015MHlNREkxTFUxaGNtTXRTbUZqYjJKekxVUmhhWE41TFZkcGJHUXRXRXd0UkdWemEzUnZjQzA0TmpSNE5EZzJMa3BRUnd8MTFlYmEzOWUwN2MxNTZmMjE0YzZiZGE2MDQ5ZTg2ZDgzZGRjOGQ2ZjU3M2ViNGU2NjM1YzFlMmJlMWEzMjg0Zg&v=1739957138597"
                     data-lazyload-pending="true" alt="03-2025-Marc-Jacobs-Daisy-Wild-XL-Desktop-864x486.JPG" title="">
            </picture>
            <div class="c-teaser__text-wrapper">
                <div>
                    <div class="c-teaser__headline-wrapper">
                        <h3 class="c-teaser__headline">Daisy Wild Eau So Intense: A Fragrance That Enchants</h3>
                        <h4 class="c-teaser__subline">Marc Jacobs</h4>
                        </div>
                    <button class="c-button c-button--primary c-teaser__button">
                                DISCOVER NOW</button>
                    </div>
            </div>
        </div>
        </a>
    </div>


</div><div class="yCmsComponent c-hero-slider__slide">
<div
        data-track-view
        data-track-click="/en/global/slot-machine"
        data-track-type="banner"
        data-track>
    <script type="application/json" class="js-track-payload">
        {"id": "comp_000094RP", "name": "03-2025 New Home | XL Teaser | TIAGD Slot Machine", "creative": "2025-01-16", "position": "Default ContentStage for NEW HOMEPAGE"}
    </script>
    <a href="/en/global/slot-machine"
        >
        <div class="c-teaser  c-teaser--xl"
                
                    style="background-color: #f5f5f5"
                
        >
            <picture class="c-teaser__img-wrapper">
                <source srcset="/medias/03-2025-TIAGD-Slot-Machine-XL-Mobile-480x360.jpg?context=bWFzdGVyfGltYWdlc3wyMjY2MXxpbWFnZS9qcGVnfGFERTJMMmd6WkM4eE1UZ3hNRGsxTnpVeU5UQXlNaTh3TXkweU1ESTFMVlJKUVVkRUxWTnNiM1F0VFdGamFHbHVaUzFZVEMxTmIySnBiR1V0TkRnd2VETTJNQzVxY0djfDI2M2Y5NDdiM2Q0ODhmNTQ5MTdiMDFjYjg3NjlhMWUxY2U1M2FhMmExNzliNDk1NmY1YmVmMzExYjI1ZTI0YzU&v=1740500351787" media="(max-width: 699px)">
                <img src="/_ui/20250325002051/responsive/theme-gh/images/filler.png" data-lazyload-src="/medias/03-2025-TIAGD-Slot-Machine-XL-Desktop-864x486.jpg?context=bWFzdGVyfGltYWdlc3wzNjY2MXxpbWFnZS9qcGVnfGFEQTFMMmd6WVM4eE1UZ3hNRGsxTnpRMU9UUTROaTh3TXkweU1ESTFMVlJKUVVkRUxWTnNiM1F0VFdGamFHbHVaUzFZVEMxRVpYTnJkRzl3TFRnMk5IZzBPRFl1YW5Cbnw4MmMwMmIzNTYxNmRhZDY1MWZkMjVkOGJmYmQ1ZmZhN2NiMzY0YjIwYTIxMDM5NjEyMmYxZDBjNjRlNDlmZjI5&v=1740500351819"
                     data-lazyload-pending="true" alt="03-2025-TIAGD-Slot-Machine-XL-Desktop-864x486.jpg" title="">
            </picture>
            <div class="c-teaser__text-wrapper">
                <div>
                    <div class="c-teaser__headline-wrapper">
                        <h3 class="c-teaser__headline">Win Travel Vouchers Worth €10,000</h3>
                        <h4 class="c-teaser__subline">Today Is a Good Day</h4>
                        </div>
                    <button class="c-button c-button--primary c-teaser__button">
                                PARTICIPATE NOW</button>
                    </div>
            </div>
        </div>
        </a>
    </div>


</div><div class="yCmsComponent c-hero-slider__slide">
<div
        data-track-view
        data-track-click="/en/global/hendricks-sunspell-gin"
        data-track-type="banner"
        data-track>
    <script type="application/json" class="js-track-payload">
        {"id": "comp_000094RR", "name": "03-2025 New Home | XL Teaser | Hendricks", "creative": "2025-01-16", "position": "Default ContentStage for NEW HOMEPAGE"}
    </script>
    <a href="/en/global/hendricks-sunspell-gin"
        >
        <div class="c-teaser  c-teaser--xl"
                
                    style="background-color: #f5f5f5"
                
        >
            <picture class="c-teaser__img-wrapper">
                <source srcset="/medias/03-2025-Hendrick-s-Sunspell-Gin-XL-Mobile-480x360.jpg?context=bWFzdGVyfGltYWdlc3wxODk2ODB8aW1hZ2UvanBlZ3xhR1psTDJnMk55OHhNVGcwTlRJek9UZ3pNall3Tmk4d015MHlNREkxTFVobGJtUnlhV05ySjNNdFUzVnVjM0JsYkd3dFIybHVMVmhNTFUxdlltbHNaUzAwT0RCNE16WXdMbXB3Wnd8MDliOTE4NzljNTgxZTdiOTQyNWMyZWUwZjNhMGZhMDA0ODBiZmNkZTlmMmZlODEyM2FmN2FkZmVlNDJmNDViYg&v=1741262121556" media="(max-width: 999px)">
                <img src="/_ui/20250325002051/responsive/theme-gh/images/filler.png" data-lazyload-src="/medias/03-2025-Hendrick-s-Sunspell-Gin-XL-Desktop-864x486.jpg?context=bWFzdGVyfGltYWdlc3wxNTE2OTF8aW1hZ2UvanBlZ3xhR1ZrTDJnMk5DOHhNVGcwTlRJek9UYzJOekEzTUM4d015MHlNREkxTFVobGJtUnlhV05ySjNNdFUzVnVjM0JsYkd3dFIybHVMVmhNTFVSbGMydDBiM0F0T0RZMGVEUTROaTVxY0djfGFkMDNkYmJjMTgxODRlMjgzYjkzYTkzOTdhOGI1MjQ3YWNlZWI2YjhmNjlkYzAwOWYzMDdlOGIyNzIwNDJjOTM&v=1741262121610"
                     data-lazyload-pending="true" alt="03-2025-Hendrick's-Sunspell-Gin-XL-Desktop-864x486.jpg" title="">
            </picture>
            <div class="c-teaser__text-wrapper">
                <div>
                    <div class="c-teaser__headline-wrapper">
                        <h3 class="c-teaser__headline">New Limited Edition Inspired by the Scottish Sunset</h3>
                        <h4 class="c-teaser__subline">Hendrick's</h4>
                        </div>
                    <button class="c-button c-button--primary c-teaser__button">
                                DISCOVER NOW</button>
                    </div>
            </div>
        </div>
        </a>
    </div>


</div></div>
</section><section class="yCmsComponent mdc-layout-grid__cell mdc-layout-grid__cell--span-12">
<div class="c-section u-padding-right-none" style="background-color: #f5f5f5">
        <header class="c-section-header-new c-section-header-new--column">
            <!-- ONLY RENDER HEADINGS DIV IF HEADLINE || SUBLINE-->
            <div class="c-section-header-new__headings">
                <h4 class="c-section-header-new__headline">Popular Offers</h4>
                </div>
            <a href="/en/global/promotions/c/eucat_11000/" class="c-section-header-new__link" title="Promotions" >Promotions</a></header>

        <div class="js-track-product-carousel"
             data-track
             data-track-view
             data-track-type="product-carousel"
             data-track-payload>
            <script type="application/json" class="js-track-payload">
                {"list_name": "comp_000094RD", "position": "Default ContentStage for NEW HOMEPAGE"}
            </script>
            <div class="c-carousel js-product-slider"
                 data-slides-to-show="4.15"
                 data-slides-to-scroll="4"
                 data-slides-to-show-tablet="3.15"
                 data-slides-to-scroll-tablet="3"
                 data-slides-to-show-mobile="2.15"
                 data-slides-to-scroll-mobile="2"
                 data-slides-to-show-mobile-s="1.5"
                 data-slides-to-scroll-mobile-s="1">
                <div class="c-carousel__slide">
                        <div class="c-product-card js-wishlist-anchor" itemprop="item" itemscope itemtype="https://schema.org/Product">
    <div class="u-position-relative">
            <!-- In other contexts, just show the wishlist heart -->
        





<div class="c-product-card__wishlist">
    <div class="c-product-preview__wishlist js-wishlist js-wishlist-icon">

        

        <button class="c-button c-button--icon-only c-button--inverted js-wishlist-icon-not-added js-add-product-to-wishlist
        " hx-post="/en/global/wishlist/add/000000000000089237" hx-swap="none">
            <svg class="c-button__icon">
                <use xlink:href="/_ui/20250325002051/responsive/theme-gh/icons/sprite.svg#heart-light"></use>
            </svg>
        </button>

        

        <button class="c-button c-button--icon-only c-button--inverted js-wishlist-icon-added js-remove-product-from-wishlist
            u-hidden" hx-post="/en/global/wishlist/remove/000000000000089237" hx-swap="none">
            <svg class="c-button__icon">
                <use xlink:href="/_ui/20250325002051/responsive/theme-gh/icons/sprite.svg#heart-solid"></use>
            </svg>
        </button>
    </div>
</div>
</div>
    <a href="/en/global/taittinger/taittinger-brut-rose-brut-rose-gift-box-0-75l/p/000000000000089237/"
       title="Taittinger, Brut Rosé, brut, rosé, (gift box), 0.75L"
       class="c-product-card__link js-article-link js-wishlist-tracking "
       itemprop="url"
       data-track-id="000000000000089237"
       data-track-title="comp_000094RD"
       data-track-price="54.9"
       data-track-currency="EUR"
       data-track-view
       data-track-click="/en/global/taittinger/taittinger-brut-rose-brut-rose-gift-box-0-75l/p/000000000000089237/"
       data-track-type="product"
       data-track
    >
        <script type="application/json" class="js-wishlist-payload">
            

{
"name": "Taittinger, Brut Ros\u00E9, brut, ros\u00E9, (gift box), 0.75L",
"id": "89237",
"price": "54.9",
"brand": "Taittinger",
"category": "Champagne",
"variant": "",
"metric1": "61.9",
"dimension1": "",
"dimension2": "11.3",
"dimension3": "special offer"
}
</script>
    </a>

    <div class="c-product-card__media-wrapper">
        <picture class="c-product-card__media">
            <img class="c-product-card__image" src="/medias/300Wx300H-null?context=bWFzdGVyfGltYWdlc3w0MDMyNHxpbWFnZS9qcGVnfGFEVXlMMmcwT1M4eE1UYzRNalV4TnpjMU1UZ3pPQzh6TURCWGVETXdNRWhmYm5Wc2JBfGU3MjM1NDg4MDRlMDBhMTQ4ZDBjYWZiZWNlMWU0ZGZiODUyOTIwNTBkOWUzMzMxMWViMGY5MTIxMjI2MDMwZWE&v=1739828424799" alt="" width="300"
                 height="400" itemprop="image">
        </picture>

        <!--RIBBONS-->
        <ul class="c-product-card__ribbons">
    <li>
            








    
    
        <span class="c-ribbon c-ribbon--special">
                Special Offer
        </span>
    

</li>
    </ul>
</div>


    <!--HEADER-->
    <div class="c-product-card__header">
        <h2 class="c-product-card__headline" itemprop="name">Taittinger, Brut Rosé, brut, rosé, (gift box), 0.75L</h2>
        <h3 class="c-product-card__subline">Taittinger</h3>
        </div>

    <!--PRICEBOX-->
    <div class="c-product-card__price" itemprop="offers" itemscope itemtype="https://schema.org/Offer">
    <div class="c-price-box">
        <p class="c-price c-price--special" itemprop="price" content="54.9">
            <span>from</span>
            €54.90</p>
        <p class="c-price-box__reference">(€73.20 / 1 l)</p>
        <p class="c-price-box__info" itemprop="priceCurrency" content="EUR">
            The reduced price is valid until<strong>
        31/03/25</strong>
</p>
    </div>
</div>
<!--VARIANTS-->
    <!--VARIANTS-->
</div>

</div>
                <div class="c-carousel__slide">
                        <div class="c-product-card js-wishlist-anchor" itemprop="item" itemscope itemtype="https://schema.org/Product">
    <div class="u-position-relative">
            <!-- In other contexts, just show the wishlist heart -->
        





<div class="c-product-card__wishlist">
    <div class="c-product-preview__wishlist js-wishlist js-wishlist-icon">

        

        <button class="c-button c-button--icon-only c-button--inverted js-wishlist-icon-not-added js-add-product-to-wishlist
        " hx-post="/en/global/wishlist/add/000000000001669894" hx-swap="none">
            <svg class="c-button__icon">
                <use xlink:href="/_ui/20250325002051/responsive/theme-gh/icons/sprite.svg#heart-light"></use>
            </svg>
        </button>

        

        <button class="c-button c-button--icon-only c-button--inverted js-wishlist-icon-added js-remove-product-from-wishlist
            u-hidden" hx-post="/en/global/wishlist/remove/000000000001669894" hx-swap="none">
            <svg class="c-button__icon">
                <use xlink:href="/_ui/20250325002051/responsive/theme-gh/icons/sprite.svg#heart-solid"></use>
            </svg>
        </button>
    </div>
</div>
</div>
    <a href="/en/global/glenmorangie/glenmorangie-the-vindima-16y-highland-single-malt-scotch-whisky-43vol-1l-gift-pack/p/000000000001669894/"
       title="Glenmorangie The Vindima 16y Highland Single Malt Scotch Whisky 43% 1L gift pack"
       class="c-product-card__link js-article-link js-wishlist-tracking "
       itemprop="url"
       data-track-id="000000000001669894"
       data-track-title="comp_000094RD"
       data-track-price="84.9"
       data-track-currency="EUR"
       data-track-view
       data-track-click="/en/global/glenmorangie/glenmorangie-the-vindima-16y-highland-single-malt-scotch-whisky-43vol-1l-gift-pack/p/000000000001669894/"
       data-track-type="product"
       data-track
    >
        <script type="application/json" class="js-wishlist-payload">
            

{
"name": "Glenmorangie The Vindima 16y Highland Single Malt Scotch Whisky 43% 1L gift pack",
"id": "1669894",
"price": "84.9",
"brand": "Glenmorangie",
"category": "Whisky",
"variant": "",
"metric1": "104.9",
"dimension1": "",
"dimension2": "19.1",
"dimension3": "special offer"
}
</script>
    </a>

    <div class="c-product-card__media-wrapper">
        <picture class="c-product-card__media">
            <img class="c-product-card__image" src="/medias/300Wx300H-null?context=bWFzdGVyfGltYWdlc3w0MDMxOHxpbWFnZS9qcGVnfGFHVXlMMmhoWlM4eE1UVXlNREU1TVRJMk5qZzBOaTh6TURCWGVETXdNRWhmYm5Wc2JBfDU0YjhlZDM4NDU4MjM1NWZmYzI2MjFkZWI5NzUxZWJlNjBmNzE1Zjg3ZDIzZmRlMDU1MzI3NjNmOTIwNTdlMzI&v=1734386386055" alt="" width="300"
                 height="400" itemprop="image">
        </picture>

        <!--RIBBONS-->
        <ul class="c-product-card__ribbons">
    <li>
            








    
    
        <span class="c-ribbon c-ribbon--special">
                Special Offer
        </span>
    

</li>
    </ul>
</div>


    <!--HEADER-->
    <div class="c-product-card__header">
        <h2 class="c-product-card__headline" itemprop="name">Glenmorangie The Vindima 16y Highland Single Malt Scotch Whisky 43% 1L gift pack</h2>
        <h3 class="c-product-card__subline">Glenmorangie</h3>
        </div>

    <!--PRICEBOX-->
    <div class="c-product-card__price" itemprop="offers" itemscope itemtype="https://schema.org/Offer">
    <div class="c-price-box">
        <p class="c-price c-price--special" itemprop="price" content="84.9">
            <span>from</span>
            €84.90</p>
        <p class="c-price-box__reference">(€84.90 / 1 l)</p>
        <p class="c-price-box__info" itemprop="priceCurrency" content="EUR">
            The reduced price is valid until<strong>
        31/03/25</strong>
</p>
    </div>
</div>
<!--VARIANTS-->
    <!--VARIANTS-->
</div>

</div>
                <div class="c-carousel__slide">
                        <div class="c-product-card js-wishlist-anchor" itemprop="item" itemscope itemtype="https://schema.org/Product">
    <div class="u-position-relative">
            <!-- In other contexts, just show the wishlist heart -->
        





<div class="c-product-card__wishlist">
    <div class="c-product-preview__wishlist js-wishlist js-wishlist-icon">

        

        <button class="c-button c-button--icon-only c-button--inverted js-wishlist-icon-not-added js-add-product-to-wishlist
        " hx-post="/en/global/wishlist/add/000000000001559136" hx-swap="none">
            <svg class="c-button__icon">
                <use xlink:href="/_ui/20250325002051/responsive/theme-gh/icons/sprite.svg#heart-light"></use>
            </svg>
        </button>

        

        <button class="c-button c-button--icon-only c-button--inverted js-wishlist-icon-added js-remove-product-from-wishlist
            u-hidden" hx-post="/en/global/wishlist/remove/000000000001559136" hx-swap="none">
            <svg class="c-button__icon">
                <use xlink:href="/_ui/20250325002051/responsive/theme-gh/icons/sprite.svg#heart-solid"></use>
            </svg>
        </button>
    </div>
</div>
</div>
    <a href="/en/global/hennessy/hennessy-vsop-cognac-40vol-1l-gift-pack/p/000000000001559136/"
       title="Hennessy VSOP Cognac 40% 1L gift pack"
       class="c-product-card__link js-article-link js-wishlist-tracking "
       itemprop="url"
       data-track-id="000000000001559136"
       data-track-title="comp_000094RD"
       data-track-price="69.9"
       data-track-currency="EUR"
       data-track-view
       data-track-click="/en/global/hennessy/hennessy-vsop-cognac-40vol-1l-gift-pack/p/000000000001559136/"
       data-track-type="product"
       data-track
    >
        <script type="application/json" class="js-wishlist-payload">
            

{
"name": "Hennessy VSOP Cognac 40% 1L gift pack",
"id": "1559136",
"price": "69.9",
"brand": "Hennessy",
"category": "Spirits",
"variant": "",
"metric1": "89.99",
"dimension1": "",
"dimension2": "22.32",
"dimension3": "special offer"
}
</script>
    </a>

    <div class="c-product-card__media-wrapper">
        <picture class="c-product-card__media">
            <img class="c-product-card__image" src="/medias/300Wx300H-null?context=bWFzdGVyfGltYWdlc3wyODUzMXxpbWFnZS9qcGVnfGFEUTRMMmd6WkM4eE1EUXhOalU0T1Rjd01URTFNQzh6TURCWGVETXdNRWhmYm5Wc2JBfGY3ZWQyMjcyNDZjODYyYWJjYWFkNWNmMDg2M2EyMzhjYjkwM2FmMjc2YWZhMjQyOGFjNDZkODRmNDNkNzdlZDE&v=1709847655740" alt="" width="300"
                 height="400" itemprop="image">
        </picture>

        <!--RIBBONS-->
        <ul class="c-product-card__ribbons">
    <li>
            








    
    
        <span class="c-ribbon c-ribbon--special">
                Special Offer
        </span>
    

</li>
    </ul>
</div>


    <!--HEADER-->
    <div class="c-product-card__header">
        <h2 class="c-product-card__headline" itemprop="name">Hennessy VSOP Cognac 40% 1L gift pack</h2>
        <h3 class="c-product-card__subline">Hennessy</h3>
        </div>

    <!--PRICEBOX-->
    <div class="c-product-card__price" itemprop="offers" itemscope itemtype="https://schema.org/Offer">
    <div class="c-price-box">
        <p class="c-price c-price--special" itemprop="price" content="69.9">
            <span>from</span>
            €69.90</p>
        <p class="c-price-box__reference">(€69.90 / 1 l)</p>
        <p class="c-price-box__info" itemprop="priceCurrency" content="EUR">
            The reduced price is valid until<strong>
        31/03/25</strong>
</p>
    </div>
</div>
<!--VARIANTS-->
    <!--VARIANTS-->
</div>

</div>
                <div class="c-carousel__slide">
                        <div class="c-product-card js-wishlist-anchor" itemprop="item" itemscope itemtype="https://schema.org/Product">
    <div class="u-position-relative">
            <!-- In other contexts, just show the wishlist heart -->
        





<div class="c-product-card__wishlist">
    <div class="c-product-preview__wishlist js-wishlist js-wishlist-icon">

        

        <button class="c-button c-button--icon-only c-button--inverted js-wishlist-icon-not-added js-add-product-to-wishlist
        " hx-post="/en/global/wishlist/add/000000000001116196" hx-swap="none">
            <svg class="c-button__icon">
                <use xlink:href="/_ui/20250325002051/responsive/theme-gh/icons/sprite.svg#heart-light"></use>
            </svg>
        </button>

        

        <button class="c-button c-button--icon-only c-button--inverted js-wishlist-icon-added js-remove-product-from-wishlist
            u-hidden" hx-post="/en/global/wishlist/remove/000000000001116196" hx-swap="none">
            <svg class="c-button__icon">
                <use xlink:href="/_ui/20250325002051/responsive/theme-gh/icons/sprite.svg#heart-solid"></use>
            </svg>
        </button>
    </div>
</div>
</div>
    <a href="/en/global/botanist/the-botanist-islay-gin-46vol-1l/p/000000000001116196/"
       title="The Botanist Islay Gin 46% 1L"
       class="c-product-card__link js-article-link js-wishlist-tracking "
       itemprop="url"
       data-track-id="000000000001116196"
       data-track-title="comp_000094RD"
       data-track-price="39.9"
       data-track-currency="EUR"
       data-track-view
       data-track-click="/en/global/botanist/the-botanist-islay-gin-46vol-1l/p/000000000001116196/"
       data-track-type="product"
       data-track
    >
        <script type="application/json" class="js-wishlist-payload">
            

{
"name": "The Botanist Islay Gin 46% 1L",
"id": "1116196",
"price": "39.9",
"brand": "Botanist",
"category": "Spirits",
"variant": "",
"metric1": "49.99",
"dimension1": "",
"dimension2": "20.18",
"dimension3": "special offer"
}
</script>
    </a>

    <div class="c-product-card__media-wrapper">
        <picture class="c-product-card__media">
            <img class="c-product-card__image" src="/medias/300Wx300H-null?context=bWFzdGVyfGltYWdlc3wzMTMyMHxpbWFnZS9qcGVnfGFETmpMMmhqWkM4eE1USTVOemd6TURBeE1Ea3hNQzh6TURCWGVETXdNRWhmYm5Wc2JBfDY4ZTkwNTkzYzM4Y2U3ZGQxYzU0NTRlOWFiZGMyZmNmZDJiZDZjYzI4ZWE0NjMzYTRlMTQ2YmQwM2Y5NmFkNjA&v=1729544663987" alt="" width="300"
                 height="400" itemprop="image">
        </picture>

        <!--RIBBONS-->
        <ul class="c-product-card__ribbons">
    <li>
            








    
    
        <span class="c-ribbon c-ribbon--special">
                Special Offer
        </span>
    

</li>
    </ul>
</div>


    <!--HEADER-->
    <div class="c-product-card__header">
        <h2 class="c-product-card__headline" itemprop="name">The Botanist Islay Gin 46% 1L</h2>
        <h3 class="c-product-card__subline">Botanist</h3>
        </div>

    <!--PRICEBOX-->
    <div class="c-product-card__price" itemprop="offers" itemscope itemtype="https://schema.org/Offer">
    <div class="c-price-box">
        <p class="c-price c-price--special" itemprop="price" content="39.9">
            <span>from</span>
            €39.90</p>
        <p class="c-price-box__reference">(€39.90 / 1 l)</p>
        <p class="c-price-box__info" itemprop="priceCurrency" content="EUR">
            The reduced price is valid until<strong>
        31/03/25</strong>
</p>
    </div>
</div>
<!--VARIANTS-->
    <!--VARIANTS-->
</div>

</div>
                <div class="c-carousel__slide">
                        <div class="c-product-card js-wishlist-anchor" itemprop="item" itemscope itemtype="https://schema.org/Product">
    <div class="u-position-relative">
            <!-- In other contexts, just show the wishlist heart -->
        





<div class="c-product-card__wishlist">
    <div class="c-product-preview__wishlist js-wishlist js-wishlist-icon">

        

        <button class="c-button c-button--icon-only c-button--inverted js-wishlist-icon-not-added js-add-product-to-wishlist
        " hx-post="/en/global/wishlist/add/000000000000739307" hx-swap="none">
            <svg class="c-button__icon">
                <use xlink:href="/_ui/20250325002051/responsive/theme-gh/icons/sprite.svg#heart-light"></use>
            </svg>
        </button>

        

        <button class="c-button c-button--icon-only c-button--inverted js-wishlist-icon-added js-remove-product-from-wishlist
            u-hidden" hx-post="/en/global/wishlist/remove/000000000000739307" hx-swap="none">
            <svg class="c-button__icon">
                <use xlink:href="/_ui/20250325002051/responsive/theme-gh/icons/sprite.svg#heart-solid"></use>
            </svg>
        </button>
    </div>
</div>
</div>
    <a href="/en/global/masi/masi-campofiorin-rosso-del-veronese-veneto-igp-dry-red-0-75l/p/000000000000739307/"
       title="Masi, Campofiorin, Rosso del Veronese, Veneto, IGP, dry, red, 0.75L"
       class="c-product-card__link js-article-link js-wishlist-tracking "
       itemprop="url"
       data-track-id="000000000000739307"
       data-track-title="comp_000094RD"
       data-track-price="9.9"
       data-track-currency="EUR"
       data-track-view
       data-track-click="/en/global/masi/masi-campofiorin-rosso-del-veronese-veneto-igp-dry-red-0-75l/p/000000000000739307/"
       data-track-type="product"
       data-track
    >
        <script type="application/json" class="js-wishlist-payload">
            

{
"name": "Masi, Campofiorin, Rosso del Veronese, Veneto, IGP, dry, red, 0.75L",
"id": "739307",
"price": "9.9",
"brand": "Masi",
"category": "Wine",
"variant": "",
"metric1": "13.49",
"dimension1": "",
"dimension2": "26.61",
"dimension3": "special offer"
}
</script>
    </a>

    <div class="c-product-card__media-wrapper">
        <picture class="c-product-card__media">
            <img class="c-product-card__image" src="/medias/300Wx300H-null?context=bWFzdGVyfGltYWdlc3w0OTk5NXxpbWFnZS9qcGVnfGFERTVMMmc1WlM4eE1UTXdNamczTmpNME9EUTBOaTh6TURCWGVETXdNRWhmYm5Wc2JBfDQ0NWYwOTYzZmRhYTg4MmMyYjM4MGVkNjI5NmNkMWI3Y2Q5NjhhOTk4ZDJlNjZjOTQ3YjVlYTVjNmQ4MWVjOWI&v=1729630863312" alt="" width="300"
                 height="400" itemprop="image">
        </picture>

        <!--RIBBONS-->
        <ul class="c-product-card__ribbons">
    <li>
            








    
    
        <span class="c-ribbon c-ribbon--special">
                Special Offer
        </span>
    

</li>
    </ul>
</div>


    <!--HEADER-->
    <div class="c-product-card__header">
        <h2 class="c-product-card__headline" itemprop="name">Masi, Campofiorin, Rosso del Veronese, Veneto, IGP, dry, red, 0.75L</h2>
        <h3 class="c-product-card__subline">Masi</h3>
        </div>

    <!--PRICEBOX-->
    <div class="c-product-card__price" itemprop="offers" itemscope itemtype="https://schema.org/Offer">
    <div class="c-price-box">
        <p class="c-price c-price--special" itemprop="price" content="9.9">
            <span>from</span>
            €9.90</p>
        <p class="c-price-box__reference">(€13.20 / 1 l)</p>
        <p class="c-price-box__info" itemprop="priceCurrency" content="EUR">
            The reduced price is valid until<strong>
        31/03/25</strong>
</p>
    </div>
</div>
<!--VARIANTS-->
    <!--VARIANTS-->
</div>

</div>
                <div class="c-carousel__slide">
                        <div class="c-product-card js-wishlist-anchor" itemprop="item" itemscope itemtype="https://schema.org/Product">
    <div class="u-position-relative">
            <!-- In other contexts, just show the wishlist heart -->
        





<div class="c-product-card__wishlist">
    <div class="c-product-preview__wishlist js-wishlist js-wishlist-icon">

        

        <button class="c-button c-button--icon-only c-button--inverted js-wishlist-icon-not-added js-add-product-to-wishlist
        " hx-post="/en/global/wishlist/add/000000000001439146" hx-swap="none">
            <svg class="c-button__icon">
                <use xlink:href="/_ui/20250325002051/responsive/theme-gh/icons/sprite.svg#heart-light"></use>
            </svg>
        </button>

        

        <button class="c-button c-button--icon-only c-button--inverted js-wishlist-icon-added js-remove-product-from-wishlist
            u-hidden" hx-post="/en/global/wishlist/remove/000000000001439146" hx-swap="none">
            <svg class="c-button__icon">
                <use xlink:href="/_ui/20250325002051/responsive/theme-gh/icons/sprite.svg#heart-solid"></use>
            </svg>
        </button>
    </div>
</div>
</div>
    <a href="/en/global/glenmorangie/glenmorangie-the-elementa-14y-highland-single-malt-scotch-whisky-43vol-1l-gift-pack-glenmorangie-the-elementa-14y-highland-single-malt-scotch-whisky-43vol-1l-gift-pack/p/000000000001439146/"
       title="Glenmorangie The Elementa 14y Highland Single Malt Scotch Whisky 43% 1L gift pack Glenmorangie The Elementa 14y Highland Single Malt Scotch Whisky 43% 1L gift pack"
       class="c-product-card__link js-article-link js-wishlist-tracking "
       itemprop="url"
       data-track-id="000000000001439146"
       data-track-title="comp_000094RD"
       data-track-price="64.9"
       data-track-currency="EUR"
       data-track-view
       data-track-click="/en/global/glenmorangie/glenmorangie-the-elementa-14y-highland-single-malt-scotch-whisky-43vol-1l-gift-pack-glenmorangie-the-elementa-14y-highland-single-malt-scotch-whisky-43vol-1l-gift-pack/p/000000000001439146/"
       data-track-type="product"
       data-track
    >
        <script type="application/json" class="js-wishlist-payload">
            

{
"name": "Glenmorangie The Elementa 14y Highland Single Malt Scotch Whisky 43% 1L gift pack Glenmorangie The Elementa 14y Highland Single Malt Scotch Whisky 43% 1L gift pack",
"id": "1439146",
"price": "64.9",
"brand": "Glenmorangie",
"category": "Whisky",
"variant": "",
"metric1": "79.9",
"dimension1": "",
"dimension2": "18.8",
"dimension3": "travel exclusive_special offer"
}
</script>
    </a>

    <div class="c-product-card__media-wrapper">
        <picture class="c-product-card__media">
            <img class="c-product-card__image" src="/medias/300Wx300H-null?context=bWFzdGVyfGltYWdlc3wzNTAwN3xpbWFnZS9qcGVnfGFHVmxMMmd3TkM4eE1Ua3dOakl4T1RJME5UVTVPQzh6TURCWGVETXdNRWhmYm5Wc2JBfGRhY2MxYWJjN2ZjYjg3YjZjMzM4NWNmMzM2OGI0YjUyYWJiYmUxY2QxZmI0MWE5OTRkYWFiYjM5MjEyYjc1ZmY&v=1742251946109" alt="" width="300"
                 height="400" itemprop="image">
        </picture>

        <!--RIBBONS-->
        <ul class="c-product-card__ribbons">
    <li>
            








    
    
        <span class="c-ribbon c-ribbon--special">
                Special Offer
        </span>
    

</li>
    <li>
            








    
    
        <span class="c-ribbon c-ribbon--edition">
                Travel Edition
        </span>
    

</li>
    </ul>
</div>


    <!--HEADER-->
    <div class="c-product-card__header">
        <h2 class="c-product-card__headline" itemprop="name">Glenmorangie The Elementa 14y Highland Single Malt Scotch Whisky 43% 1L gift pack Glenmorangie The Elementa 14y Highland Single Malt Scotch Whisky 43% 1L gift pack</h2>
        <h3 class="c-product-card__subline">Glenmorangie</h3>
        </div>

    <!--PRICEBOX-->
    <div class="c-product-card__price" itemprop="offers" itemscope itemtype="https://schema.org/Offer">
    <div class="c-price-box">
        <p class="c-price c-price--special" itemprop="price" content="64.9">
            <span>from</span>
            €64.90</p>
        <p class="c-price-box__reference">(€64.90 / 1 l)</p>
        <p class="c-price-box__info" itemprop="priceCurrency" content="EUR">
            The reduced price is valid until<strong>
        31/03/25</strong>
</p>
    </div>
</div>
<!--VARIANTS-->
    <!--VARIANTS-->
</div>

</div>
                <div class="c-carousel__slide">
                        <div class="c-product-card js-wishlist-anchor" itemprop="item" itemscope itemtype="https://schema.org/Product">
    <div class="u-position-relative">
            <!-- In other contexts, just show the wishlist heart -->
        





<div class="c-product-card__wishlist">
    <div class="c-product-preview__wishlist js-wishlist js-wishlist-icon">

        

        <button class="c-button c-button--icon-only c-button--inverted js-wishlist-icon-not-added js-add-product-to-wishlist
        " hx-post="/en/global/wishlist/add/000000000000897350" hx-swap="none">
            <svg class="c-button__icon">
                <use xlink:href="/_ui/20250325002051/responsive/theme-gh/icons/sprite.svg#heart-light"></use>
            </svg>
        </button>

        

        <button class="c-button c-button--icon-only c-button--inverted js-wishlist-icon-added js-remove-product-from-wishlist
            u-hidden" hx-post="/en/global/wishlist/remove/000000000000897350" hx-swap="none">
            <svg class="c-button__icon">
                <use xlink:href="/_ui/20250325002051/responsive/theme-gh/icons/sprite.svg#heart-solid"></use>
            </svg>
        </button>
    </div>
</div>
</div>
    <a href="/en/global/bacardi/bacardi-carta-blanca-rum-37-5vol-1l/p/000000000000897350/"
       title="Bacardi Carta Blanca Rum 37.5% 1L"
       class="c-product-card__link js-article-link js-wishlist-tracking "
       itemprop="url"
       data-track-id="000000000000897350"
       data-track-title="comp_000094RD"
       data-track-price="13.9"
       data-track-currency="EUR"
       data-track-view
       data-track-click="/en/global/bacardi/bacardi-carta-blanca-rum-37-5vol-1l/p/000000000000897350/"
       data-track-type="product"
       data-track
    >
        <script type="application/json" class="js-wishlist-payload">
            

{
"name": "Bacardi Carta Blanca Rum 37.5% 1L",
"id": "897350",
"price": "13.9",
"brand": "Bacardi",
"category": "Spirits",
"variant": "",
"metric1": "19.9",
"dimension1": "",
"dimension2": "30.2",
"dimension3": "special offer"
}
</script>
    </a>

    <div class="c-product-card__media-wrapper">
        <picture class="c-product-card__media">
            <img class="c-product-card__image" src="/medias/300Wx300H-null?context=bWFzdGVyfGltYWdlc3wzMTIxMXxpbWFnZS9qcGVnfGFHVm1MMmczWVM4eE1UQTNNakl5T0RrNE1qZ3hOQzh6TURCWGVETXdNRWhmYm5Wc2JBfGEyZjc1MzQyODUwMTQwYzBjOWU5ZDI4ZGY0MzNiNTNhNzE4MzlkZmZmMTNlMzZjNmJkM2Y5ODg1MTA5MzgzMWI&v=1724915694649" alt="" width="300"
                 height="400" itemprop="image">
        </picture>

        <!--RIBBONS-->
        <ul class="c-product-card__ribbons">
    <li>
            








    
    
        <span class="c-ribbon c-ribbon--special">
                Special Offer
        </span>
    

</li>
    </ul>
</div>


    <!--HEADER-->
    <div class="c-product-card__header">
        <h2 class="c-product-card__headline" itemprop="name">Bacardi Carta Blanca Rum 37.5% 1L</h2>
        <h3 class="c-product-card__subline">Bacardi</h3>
        </div>

    <!--PRICEBOX-->
    <div class="c-product-card__price" itemprop="offers" itemscope itemtype="https://schema.org/Offer">
    <div class="c-price-box">
        <p class="c-price c-price--special" itemprop="price" content="13.9">
            <span>from</span>
            €13.90</p>
        <p class="c-price-box__reference">(€13.90 / 1 l)</p>
        <p class="c-price-box__info" itemprop="priceCurrency" content="EUR">
            The reduced price is valid until<strong>
        31/03/25</strong>
</p>
    </div>
</div>
<!--VARIANTS-->
    <!--VARIANTS-->
</div>

</div>
                <div class="c-carousel__slide">
                        <div class="c-product-card js-wishlist-anchor" itemprop="item" itemscope itemtype="https://schema.org/Product">
    <div class="u-position-relative">
            <!-- In other contexts, just show the wishlist heart -->
        





<div class="c-product-card__wishlist">
    <div class="c-product-preview__wishlist js-wishlist js-wishlist-icon">

        

        <button class="c-button c-button--icon-only c-button--inverted js-wishlist-icon-not-added js-add-product-to-wishlist
        " hx-post="/en/global/wishlist/add/000000000001439145" hx-swap="none">
            <svg class="c-button__icon">
                <use xlink:href="/_ui/20250325002051/responsive/theme-gh/icons/sprite.svg#heart-light"></use>
            </svg>
        </button>

        

        <button class="c-button c-button--icon-only c-button--inverted js-wishlist-icon-added js-remove-product-from-wishlist
            u-hidden" hx-post="/en/global/wishlist/remove/000000000001439145" hx-swap="none">
            <svg class="c-button__icon">
                <use xlink:href="/_ui/20250325002051/responsive/theme-gh/icons/sprite.svg#heart-solid"></use>
            </svg>
        </button>
    </div>
</div>
</div>
    <a href="/en/global/glenmorangie/glenmorangie-the-accord-12y-highland-single-malt-scotch-whisky-43vol-1l-gift-pack/p/000000000001439145/"
       title="Glenmorangie The Accord 12y Highland Single Malt Scotch Whisky 43% 1L gift pack"
       class="c-product-card__link js-article-link js-wishlist-tracking "
       itemprop="url"
       data-track-id="000000000001439145"
       data-track-title="comp_000094RD"
       data-track-price="54.9"
       data-track-currency="EUR"
       data-track-view
       data-track-click="/en/global/glenmorangie/glenmorangie-the-accord-12y-highland-single-malt-scotch-whisky-43vol-1l-gift-pack/p/000000000001439145/"
       data-track-type="product"
       data-track
    >
        <script type="application/json" class="js-wishlist-payload">
            

{
"name": "Glenmorangie The Accord 12y Highland Single Malt Scotch Whisky 43% 1L gift pack",
"id": "1439145",
"price": "54.9",
"brand": "Glenmorangie",
"category": "Whisky",
"variant": "",
"metric1": "69.9",
"dimension1": "",
"dimension2": "21.5",
"dimension3": "travel exclusive_special offer"
}
</script>
    </a>

    <div class="c-product-card__media-wrapper">
        <picture class="c-product-card__media">
            <img class="c-product-card__image" src="/medias/300Wx300H-null?context=bWFzdGVyfGltYWdlc3wzNjI3OXxpbWFnZS9qcGVnfGFEazFMMmhtTkM4eE1UZzBNamt3TVRFME56WTNPQzh6TURCWGVETXdNRWhmYm5Wc2JBfGE4MmI2MWNmYTY1NzJjM2RkMzZmMTEyNDIyY2FlMTRmOTgzYzgzNzVhODRmZDAxMzU1OGExMTIxNmFmMDQ3NDE&v=1741040698075" alt="" width="300"
                 height="400" itemprop="image">
        </picture>

        <!--RIBBONS-->
        <ul class="c-product-card__ribbons">
    <li>
            








    
    
        <span class="c-ribbon c-ribbon--special">
                Special Offer
        </span>
    

</li>
    <li>
            








    
    
        <span class="c-ribbon c-ribbon--edition">
                Travel Edition
        </span>
    

</li>
    </ul>
</div>


    <!--HEADER-->
    <div class="c-product-card__header">
        <h2 class="c-product-card__headline" itemprop="name">Glenmorangie The Accord 12y Highland Single Malt Scotch Whisky 43% 1L gift pack</h2>
        <h3 class="c-product-card__subline">Glenmorangie</h3>
        </div>

    <!--PRICEBOX-->
    <div class="c-product-card__price" itemprop="offers" itemscope itemtype="https://schema.org/Offer">
    <div class="c-price-box">
        <p class="c-price c-price--special" itemprop="price" content="54.9">
            <span>from</span>
            €54.90</p>
        <p class="c-price-box__reference">(€54.90 / 1 l)</p>
        <p class="c-price-box__info" itemprop="priceCurrency" content="EUR">
            The reduced price is valid until<strong>
        31/03/25</strong>
</p>
    </div>
</div>
<!--VARIANTS-->
    <!--VARIANTS-->
</div>

</div>
                </div>
        </div>
    </div>
</section><section class="yCmsComponent mdc-layout-grid__cell mdc-layout-grid__cell--span-12">
<div
        data-track-view
        data-track-click="/en/global/acqua-di-parma/acqua-di-parma-colonia-il-profumo-eau-de-parfum-50-ml/p/000000000001675695/"
        data-track-type="banner"
        data-track>
    <script type="application/json" class="js-track-payload">
        {"id": "comp_00009LQN", "name": "03-2025 New Home | L Teaser | Acqua di Parma", "creative": "2025-03-25", "position": "Default ContentStage for NEW HOMEPAGE"}
    </script>
    <a href="/en/global/acqua-di-parma/acqua-di-parma-colonia-il-profumo-eau-de-parfum-50-ml/p/000000000001675695/"
       >
        <div class="c-teaser  c-teaser--reverse"
                
                    style="background-color: #f7eecd"
                
        >
            <picture class="c-teaser__img-wrapper">
                <source srcset="/medias/L-Teaser-mobile-480x270-Produkt-Highlight-Acqua-di-Parma-.jpg?context=bWFzdGVyfGltYWdlc3w1NjI2MHxpbWFnZS9qcGVnfGFESXdMMmd6WVM4eE1Ua3lOREF4T1RNNE1ESTFOQzlNTFZSbFlYTmxjbDl0YjJKcGJHVmZORGd3ZURJM01GOVFjbTlrZFd0MFgwaHBaMmhzYVdkb2RGOUJZM0YxWVMxa2FTMVFZWEp0WVNBdWFuQm58MGM0OTYzMmM1MjlmYjgzMDE2OTQ3Y2JmZmNiNGZlYWVhMDEzN2JkZDljOTA0Nzg5NDA2NzIwNzUxOGY3MmU0ZA&v=1742897145310" media="(max-width: 699px)">
                <img src="/_ui/20250325002051/responsive/theme-gh/images/filler.png" data-lazyload-src="/medias/L-Teaser-desktop-720x405-Produkt-Highlight-Acqua-di-Parma.jpg?context=bWFzdGVyfGltYWdlc3wxMDg0Njd8aW1hZ2UvanBlZ3xhRFZsTDJnek9TOHhNVGt5TkRBeE9UTXhORGN4T0M5TUxWUmxZWE5sY2w5a1pYTnJkRzl3WHpjeU1IZzBNRFZmVUhKdlpIVnJkRjlJYVdkb2JHbG5hSFJmUVdOeGRXRXRaR2t0VUdGeWJXRXVhbkJufDA3MjBmNDMzYzc4OWY0OGEyY2M3MzFiNTkyYTU4NWRkZDljYWZhODE0MTZiNTM2ODdiN2MzZGFhODg3NzNmOWM&v=1742897145167"
                     data-lazyload-pending="true" alt="L-Teaser_desktop_720x405_Produkt_Highlight_Acqua-di-Parma.jpg" title="">
            </picture>
            <div class="c-teaser__text-wrapper">
                <div>
                    <div class="c-teaser__headline-wrapper">
                        <h3 class="c-teaser__headline">Discover Colonia Il Profumo Eau De Parfum by Acqua di Parma</h3>
                        <h4 class="c-teaser__subline">Acqua di Parma</h4>
                        </div>
                    <button class="c-button c-button--primary c-teaser__button">
                                BUY NOW</button>
                    </div>
            </div>
        </div>
        </a>
    </div>
</section><section class="yCmsComponent mdc-layout-grid__cell mdc-layout-grid__cell--span-12">
<div>
    <div
        data-track-view
        data-track-click="/en/global/whisky/c/cat_5150/"
        data-track-type="banner"
        data-track>
    <script type="application/json" class="js-track-payload">
        {"id": "comp_000094RE", "name": "03-2025 New Home | L Teaser | Whisky10 Code", "creative": "2025-01-16", "position": "Default ContentStage for NEW HOMEPAGE"}
    </script>
    <a href="/en/global/whisky/c/cat_5150/"
       >
        <div class="c-teaser "
                
                    style="background-color: #f5f5f5"
                
        >
            <picture class="c-teaser__img-wrapper">
                <source srcset="/medias/03-2025-Whisky-Teaser-L-Mobile-480x270.jpg?context=bWFzdGVyfGltYWdlc3w1NjkyMXxpbWFnZS9qcGVnfGFEbGtMMmhtTlM4eE1UYzROalF4TXpJeE1UWTNPQzh3TXkweU1ESTFMVmRvYVhOcmVTMVVaV0Z6WlhJdFRDMU5iMkpwYkdVdE5EZ3dlREkzTUM1cWNHY3xlODU3NTU5MmVkYjFjMDVmZTMwNzc5NGFlODExYzUyYzg4NzQ3MTI2MmQ3OWFmNmExZTM5ODFkOGRiZDJkN2Nm&v=1740142777499" media="(max-width: 699px)">
                <img src="/_ui/20250325002051/responsive/theme-gh/images/filler.png" data-lazyload-src="/medias/03-2025-Whisky-Teaser-L-Desktop-720x405.jpg?context=bWFzdGVyfGltYWdlc3wxMjc3Mjl8aW1hZ2UvanBlZ3xhR0ZsTDJobU9DOHhNVGM0TmpReE16RTBOakUwTWk4d015MHlNREkxTFZkb2FYTnJlUzFVWldGelpYSXRUQzFFWlhOcmRHOXdMVGN5TUhnME1EVXVhbkJufDA3NDY5MzM0NTM0ZWU2MzU1NWFhZTY5ZDBiZmVmZjNiMjI5YTE5NDJjOTE2NmYyM2I3MWJhNmMzODc2ZTZkMmQ&v=1740142777720"
                     data-lazyload-pending="true" alt="03-2025-Whisky-Teaser-L-Desktop-720x405.jpg" title="A man in a tuxedo elegantly holds a glass of whiskey, exuding sophistication and style at a formal event.">
            </picture>
            <div class="c-teaser__text-wrapper">
                <div>
                    <div class="c-teaser__headline-wrapper">
                        <h3 class="c-teaser__headline">Discover Our Exquisite Selection of Whiskies and Find Your Favorite</h3>
                        <h4 class="c-teaser__subline">Whisky</h4>
                        </div>
                    <button class="c-button c-button--primary c-teaser__button">
                                Show Whiskies</button>
                    </div>
            </div>
        </div>
        </a>
    </div>
<div class="c-section u-padding-right-none" style="background-color: #f5f5f5">
        <header class="c-section-header-new c-section-header-new--column">
            <!-- ONLY RENDER HEADINGS DIV IF HEADLINE || SUBLINE-->
            <div class="c-section-header-new__headings">
                <h4 class="c-section-header-new__headline">Popular Whiskys</h4>
                </div>
            <a href="/en/global/whisky/c/cat_5150/" class="c-section-header-new__link" title="Whisky" >Whisky</a></header>

        <div class="js-track-product-carousel"
             data-track
             data-track-view
             data-track-type="product-carousel"
             data-track-payload>
            <script type="application/json" class="js-track-payload">
                {"list_name": "comp_000094RF", "position": "Default ContentStage for NEW HOMEPAGE"}
            </script>
            <div class="c-carousel js-product-slider"
                 data-slides-to-show="4.15"
                 data-slides-to-scroll="4"
                 data-slides-to-show-tablet="3.15"
                 data-slides-to-scroll-tablet="3"
                 data-slides-to-show-mobile="2.15"
                 data-slides-to-scroll-mobile="2"
                 data-slides-to-show-mobile-s="1.5"
                 data-slides-to-scroll-mobile-s="1">
                <div class="c-carousel__slide">
                        <div class="c-product-card js-wishlist-anchor" itemprop="item" itemscope itemtype="https://schema.org/Product">
    <div class="u-position-relative">
            <!-- In other contexts, just show the wishlist heart -->
        





<div class="c-product-card__wishlist">
    <div class="c-product-preview__wishlist js-wishlist js-wishlist-icon">

        

        <button class="c-button c-button--icon-only c-button--inverted js-wishlist-icon-not-added js-add-product-to-wishlist
        " hx-post="/en/global/wishlist/add/000000000001680339" hx-swap="none">
            <svg class="c-button__icon">
                <use xlink:href="/_ui/20250325002051/responsive/theme-gh/icons/sprite.svg#heart-light"></use>
            </svg>
        </button>

        

        <button class="c-button c-button--icon-only c-button--inverted js-wishlist-icon-added js-remove-product-from-wishlist
            u-hidden" hx-post="/en/global/wishlist/remove/000000000001680339" hx-swap="none">
            <svg class="c-button__icon">
                <use xlink:href="/_ui/20250325002051/responsive/theme-gh/icons/sprite.svg#heart-solid"></use>
            </svg>
        </button>
    </div>
</div>
</div>
    <a href="/en/global/ardbeg/ardbeg-smoketrails-single-malt-scotch-whisky-napa-valley-edition-46vol-1l/p/000000000001680339/"
       title="Ardbeg Smoketrails Single Malt Scotch Whisky Napa Valley Edition 46% 1L"
       class="c-product-card__link js-article-link js-wishlist-tracking "
       itemprop="url"
       data-track-id="000000000001680339"
       data-track-title="comp_000094RF"
       data-track-price="78.9"
       data-track-currency="EUR"
       data-track-view
       data-track-click="/en/global/ardbeg/ardbeg-smoketrails-single-malt-scotch-whisky-napa-valley-edition-46vol-1l/p/000000000001680339/"
       data-track-type="product"
       data-track
    >
        <script type="application/json" class="js-wishlist-payload">
            

{
"name": "Ardbeg Smoketrails Single Malt Scotch Whisky Napa Valley Edition 46% 1L",
"id": "1680339",
"price": "78.9",
"brand": "Ardbeg",
"category": "Whisky",
"variant": "",
"metric1": "",
"dimension1": "",
"dimension2": "",
"dimension3": "travel exclusive"
}
</script>
    </a>

    <div class="c-product-card__media-wrapper">
        <picture class="c-product-card__media">
            <img class="c-product-card__image" src="/medias/300Wx300H-null?context=bWFzdGVyfGltYWdlc3wyNzE5MHxpbWFnZS9qcGVnfGFEQTBMMmhsWWk4eE1UWXdOVFEwTlRZME1ESXlNaTh6TURCWGVETXdNRWhmYm5Wc2JBfDM0YmFmZTcxMzI3OWI4NmQwZDgzYTRhNGQ0YjFhOTViMjQxZDEyNzQ0YTkxYWRhMTFiNjg1NDYyNTkzOWJhNzI&v=1736199092754" alt="" width="300"
                 height="400" itemprop="image">
        </picture>

        <!--RIBBONS-->
        <ul class="c-product-card__ribbons">
    <li>
            








    
    
        <span class="c-ribbon c-ribbon--edition">
                Travel Edition
        </span>
    

</li>
    </ul>
</div>


    <!--HEADER-->
    <div class="c-product-card__header">
        <h2 class="c-product-card__headline" itemprop="name">Ardbeg Smoketrails Single Malt Scotch Whisky Napa Valley Edition 46% 1L</h2>
        <h3 class="c-product-card__subline">Ardbeg</h3>
        </div>

    <!--PRICEBOX-->
    <div class="c-product-card__price" itemprop="offers" itemscope itemtype="https://schema.org/Offer">
    <div class="c-price-box">
        <p class="c-price " itemprop="price" content="78.9">
            <span>from</span>
            €78.90</p>
        <p class="c-price-box__reference">(€78.90 / 1 l)</p>
        <p class="c-price-box__info" itemprop="priceCurrency" content="EUR">
            </p>
    </div>
</div>
<!--VARIANTS-->
    <!--VARIANTS-->
</div>

</div>
                <div class="c-carousel__slide">
                        <div class="c-product-card js-wishlist-anchor" itemprop="item" itemscope itemtype="https://schema.org/Product">
    <div class="u-position-relative">
            <!-- In other contexts, just show the wishlist heart -->
        





<div class="c-product-card__wishlist">
    <div class="c-product-preview__wishlist js-wishlist js-wishlist-icon">

        

        <button class="c-button c-button--icon-only c-button--inverted js-wishlist-icon-not-added js-add-product-to-wishlist
        " hx-post="/en/global/wishlist/add/000000000001679211" hx-swap="none">
            <svg class="c-button__icon">
                <use xlink:href="/_ui/20250325002051/responsive/theme-gh/icons/sprite.svg#heart-light"></use>
            </svg>
        </button>

        

        <button class="c-button c-button--icon-only c-button--inverted js-wishlist-icon-added js-remove-product-from-wishlist
            u-hidden" hx-post="/en/global/wishlist/remove/000000000001679211" hx-swap="none">
            <svg class="c-button__icon">
                <use xlink:href="/_ui/20250325002051/responsive/theme-gh/icons/sprite.svg#heart-solid"></use>
            </svg>
        </button>
    </div>
</div>
</div>
    <a href="/en/global/bowmore/bowmore-14y-islay-single-malt-scotch-whisky-43vol-0-7l/p/000000000001679211/"
       title="Bowmore 14y Islay Single Malt Scotch Whisky 43% 0.7L"
       class="c-product-card__link js-article-link js-wishlist-tracking "
       itemprop="url"
       data-track-id="000000000001679211"
       data-track-title="comp_000094RF"
       data-track-price="59.9"
       data-track-currency="EUR"
       data-track-view
       data-track-click="/en/global/bowmore/bowmore-14y-islay-single-malt-scotch-whisky-43vol-0-7l/p/000000000001679211/"
       data-track-type="product"
       data-track
    >
        <script type="application/json" class="js-wishlist-payload">
            

{
"name": "Bowmore 14y Islay Single Malt Scotch Whisky 43% 0.7L",
"id": "1679211",
"price": "59.9",
"brand": "Bowmore",
"category": "Whisky",
"variant": "",
"metric1": "",
"dimension1": "",
"dimension2": "",
"dimension3": "travel exclusive"
}
</script>
    </a>

    <div class="c-product-card__media-wrapper">
        <picture class="c-product-card__media">
            <img class="c-product-card__image" src="/medias/300Wx300H-null?context=bWFzdGVyfGltYWdlc3wzMDQ0MHxpbWFnZS9qcGVnfGFEY3hMMmhoTmk4eE1UUTFNVFkyTVRBeU5UTXhNQzh6TURCWGVETXdNRWhmYm5Wc2JBfDExN2E5NWFhYTgzYTIyMDk4ZWQ1OWIyMmYwNTJlYzAzMWQ5MTViNzU1Y2EzNjBjM2JhNDE5M2ZhOGUzNzgwMWQ&v=1732828715598" alt="" width="300"
                 height="400" itemprop="image">
        </picture>

        <!--RIBBONS-->
        <ul class="c-product-card__ribbons">
    <li>
            








    
    
        <span class="c-ribbon c-ribbon--edition">
                Travel Edition
        </span>
    

</li>
    </ul>
</div>


    <!--HEADER-->
    <div class="c-product-card__header">
        <h2 class="c-product-card__headline" itemprop="name">Bowmore 14y Islay Single Malt Scotch Whisky 43% 0.7L</h2>
        <h3 class="c-product-card__subline">Bowmore</h3>
        </div>

    <!--PRICEBOX-->
    <div class="c-product-card__price" itemprop="offers" itemscope itemtype="https://schema.org/Offer">
    <div class="c-price-box">
        <p class="c-price " itemprop="price" content="59.9">
            <span>from</span>
            €59.90</p>
        <p class="c-price-box__reference">(€85.57 / 1 l)</p>
        <p class="c-price-box__info" itemprop="priceCurrency" content="EUR">
            </p>
    </div>
</div>
<!--VARIANTS-->
    <!--VARIANTS-->
</div>

</div>
                <div class="c-carousel__slide">
                        <div class="c-product-card js-wishlist-anchor" itemprop="item" itemscope itemtype="https://schema.org/Product">
    <div class="u-position-relative">
            <!-- In other contexts, just show the wishlist heart -->
        





<div class="c-product-card__wishlist">
    <div class="c-product-preview__wishlist js-wishlist js-wishlist-icon">

        

        <button class="c-button c-button--icon-only c-button--inverted js-wishlist-icon-not-added js-add-product-to-wishlist
        " hx-post="/en/global/wishlist/add/000000000001109056" hx-swap="none">
            <svg class="c-button__icon">
                <use xlink:href="/_ui/20250325002051/responsive/theme-gh/icons/sprite.svg#heart-light"></use>
            </svg>
        </button>

        

        <button class="c-button c-button--icon-only c-button--inverted js-wishlist-icon-added js-remove-product-from-wishlist
            u-hidden" hx-post="/en/global/wishlist/remove/000000000001109056" hx-swap="none">
            <svg class="c-button__icon">
                <use xlink:href="/_ui/20250325002051/responsive/theme-gh/icons/sprite.svg#heart-solid"></use>
            </svg>
        </button>
    </div>
</div>
</div>
    <a href="/en/global/jack-daniel-s/jack-daniel-s-black-label-no-7-whiskey-40vol-2x1l/p/000000000001109056/"
       title="Jack Daniel's Black Label No. 7 Whiskey 40% 2x1L*"
       class="c-product-card__link js-article-link js-wishlist-tracking "
       itemprop="url"
       data-track-id="000000000001109056"
       data-track-title="comp_000094RF"
       data-track-price="49.9"
       data-track-currency="EUR"
       data-track-view
       data-track-click="/en/global/jack-daniel-s/jack-daniel-s-black-label-no-7-whiskey-40vol-2x1l/p/000000000001109056/"
       data-track-type="product"
       data-track
    >
        <script type="application/json" class="js-wishlist-payload">
            

{
"name": "Jack Daniel's Black Label No. 7 Whiskey 40% 2x1L*",
"id": "1109056",
"price": "49.9",
"brand": "Jack Daniel's",
"category": "Whisky",
"variant": "",
"metric1": "",
"dimension1": "",
"dimension2": "",
"dimension3": ""
}
</script>
    </a>

    <div class="c-product-card__media-wrapper">
        <picture class="c-product-card__media">
            <img class="c-product-card__image" src="/medias/300Wx300H-null?context=bWFzdGVyfGltYWdlc3w1Nzc3MHxpbWFnZS9qcGVnfGFERmhMMmcwWmk4eE1UVXlNREU1TURVME5UazFNQzh6TURCWGVETXdNRWhmYm5Wc2JBfDk5OTNlMWFiODMzMjNkNzdmMjNlMzlhODdlMmI3YmU2YzAzYjM0MDNkM2JmY2JkYTMwOTk4ZTQyOTkzZDk3Njk&v=1734386349199" alt="" width="300"
                 height="400" itemprop="image">
        </picture>

        <!--RIBBONS-->
        <ul class="c-product-card__ribbons">
    </ul>
</div>


    <!--HEADER-->
    <div class="c-product-card__header">
        <h2 class="c-product-card__headline" itemprop="name">Jack Daniel's Black Label No. 7 Whiskey 40% 2x1L*</h2>
        <h3 class="c-product-card__subline">Jack Daniel's</h3>
        </div>

    <!--PRICEBOX-->
    <div class="c-product-card__price" itemprop="offers" itemscope itemtype="https://schema.org/Offer">
    <div class="c-price-box">
        <p class="c-price " itemprop="price" content="49.9">
            <span>from</span>
            €49.90</p>
        <p class="c-price-box__reference">(€24.95 / 1 l)</p>
        <p class="c-price-box__info" itemprop="priceCurrency" content="EUR">
            </p>
    </div>
</div>
<!--VARIANTS-->
    <!--VARIANTS-->
</div>

</div>
                <div class="c-carousel__slide">
                        <div class="c-product-card js-wishlist-anchor" itemprop="item" itemscope itemtype="https://schema.org/Product">
    <div class="u-position-relative">
            <!-- In other contexts, just show the wishlist heart -->
        





<div class="c-product-card__wishlist">
    <div class="c-product-preview__wishlist js-wishlist js-wishlist-icon">

        

        <button class="c-button c-button--icon-only c-button--inverted js-wishlist-icon-not-added js-add-product-to-wishlist
        " hx-post="/en/global/wishlist/add/000000000001662732" hx-swap="none">
            <svg class="c-button__icon">
                <use xlink:href="/_ui/20250325002051/responsive/theme-gh/icons/sprite.svg#heart-light"></use>
            </svg>
        </button>

        

        <button class="c-button c-button--icon-only c-button--inverted js-wishlist-icon-added js-remove-product-from-wishlist
            u-hidden" hx-post="/en/global/wishlist/remove/000000000001662732" hx-swap="none">
            <svg class="c-button__icon">
                <use xlink:href="/_ui/20250325002051/responsive/theme-gh/icons/sprite.svg#heart-solid"></use>
            </svg>
        </button>
    </div>
</div>
</div>
    <a href="/en/global/balvenie/balvenie-11y-speyside-single-malt-scotch-whisky-hungarian-cask-edition-47-4vol-0-7l/p/000000000001662732/"
       title="Balvenie 11y Speyside Single Malt Scotch Whisky Hungarian Cask Edition 47.4% 0.7L"
       class="c-product-card__link js-article-link js-wishlist-tracking "
       itemprop="url"
       data-track-id="000000000001662732"
       data-track-title="comp_000094RF"
       data-track-price="89.9"
       data-track-currency="EUR"
       data-track-view
       data-track-click="/en/global/balvenie/balvenie-11y-speyside-single-malt-scotch-whisky-hungarian-cask-edition-47-4vol-0-7l/p/000000000001662732/"
       data-track-type="product"
       data-track
    >
        <script type="application/json" class="js-wishlist-payload">
            

{
"name": "Balvenie 11y Speyside Single Malt Scotch Whisky Hungarian Cask Edition 47.4% 0.7L",
"id": "1662732",
"price": "89.9",
"brand": "Balvenie",
"category": "Whisky",
"variant": "",
"metric1": "",
"dimension1": "",
"dimension2": "",
"dimension3": "travel exclusive"
}
</script>
    </a>

    <div class="c-product-card__media-wrapper">
        <picture class="c-product-card__media">
            <img class="c-product-card__image" src="/medias/300Wx300H-null?context=bWFzdGVyfGltYWdlc3w0NDE4N3xpbWFnZS9qcGVnfGFEZzNMMmhqTUM4eE1UTTJOelV5TlRjM056UXpPQzh6TURCWGVETXdNRWhmYm5Wc2JBfDcwMjJhZDY2NjA2YTZmNmE5NWUwZTdkY2I3Njk0YzRlZjhmNmVjYjE3N2MzYWI2MTkzNGY5NzZmNjlmNTMyZjM&v=1730843128695" alt="" width="300"
                 height="400" itemprop="image">
        </picture>

        <!--RIBBONS-->
        <ul class="c-product-card__ribbons">
    <li>
            








    
    
        <span class="c-ribbon c-ribbon--edition">
                Travel Edition
        </span>
    

</li>
    </ul>
</div>


    <!--HEADER-->
    <div class="c-product-card__header">
        <h2 class="c-product-card__headline" itemprop="name">Balvenie 11y Speyside Single Malt Scotch Whisky Hungarian Cask Edition 47.4% 0.7L</h2>
        <h3 class="c-product-card__subline">Balvenie</h3>
        </div>

    <!--PRICEBOX-->
    <div class="c-product-card__price" itemprop="offers" itemscope itemtype="https://schema.org/Offer">
    <div class="c-price-box">
        <p class="c-price " itemprop="price" content="89.9">
            <span>from</span>
            €89.90</p>
        <p class="c-price-box__reference">(€128.43 / 1 l)</p>
        <p class="c-price-box__info" itemprop="priceCurrency" content="EUR">
            </p>
    </div>
</div>
<!--VARIANTS-->
    <!--VARIANTS-->
</div>

</div>
                <div class="c-carousel__slide">
                        <div class="c-product-card js-wishlist-anchor" itemprop="item" itemscope itemtype="https://schema.org/Product">
    <div class="u-position-relative">
            <!-- In other contexts, just show the wishlist heart -->
        





<div class="c-product-card__wishlist">
    <div class="c-product-preview__wishlist js-wishlist js-wishlist-icon">

        

        <button class="c-button c-button--icon-only c-button--inverted js-wishlist-icon-not-added js-add-product-to-wishlist
        " hx-post="/en/global/wishlist/add/000000000001638917" hx-swap="none">
            <svg class="c-button__icon">
                <use xlink:href="/_ui/20250325002051/responsive/theme-gh/icons/sprite.svg#heart-light"></use>
            </svg>
        </button>

        

        <button class="c-button c-button--icon-only c-button--inverted js-wishlist-icon-added js-remove-product-from-wishlist
            u-hidden" hx-post="/en/global/wishlist/remove/000000000001638917" hx-swap="none">
            <svg class="c-button__icon">
                <use xlink:href="/_ui/20250325002051/responsive/theme-gh/icons/sprite.svg#heart-solid"></use>
            </svg>
        </button>
    </div>
</div>
</div>
    <a href="/en/global/yamazaki/yamazaki-peated-malt-spanish-oak-2024-kogei-collection/p/000000000001638917/"
       title="YAMAZAKI​ PEATED MALT SPANISH OAK: 2024 Kogei Collection"
       class="c-product-card__link js-article-link js-wishlist-tracking "
       itemprop="url"
       data-track-id="000000000001638917"
       data-track-title="comp_000094RF"
       data-track-price="229.9"
       data-track-currency="EUR"
       data-track-view
       data-track-click="/en/global/yamazaki/yamazaki-peated-malt-spanish-oak-2024-kogei-collection/p/000000000001638917/"
       data-track-type="product"
       data-track
    >
        <script type="application/json" class="js-wishlist-payload">
            

{
"name": "YAMAZAKI\u200B PEATED MALT SPANISH OAK: 2024 Kogei Collection",
"id": "1638917",
"price": "229.9",
"brand": "Yamazaki",
"category": "Whisky",
"variant": "",
"metric1": "",
"dimension1": "",
"dimension2": "",
"dimension3": ""
}
</script>
    </a>

    <div class="c-product-card__media-wrapper">
        <picture class="c-product-card__media">
            <img class="c-product-card__image" src="/medias/300Wx300H-null?context=bWFzdGVyfGltYWdlc3wyNzc4MnxpbWFnZS9qcGVnfGFHVXlMMmhpTnk4eE1UVTVNek14T0RNMk56STJNaTh6TURCWGVETXdNRWhmYm5Wc2JBfGQ5ODg5NTVjYmRlMGI1MWNlNzQ4OTQ4NTI3N2I4ZWU5MGIzYzhhMTE0ZTVlOGRmYTFjZTI1MzliNTE3Yjg3ZWM&v=1735940032377" alt="" width="300"
                 height="400" itemprop="image">
        </picture>

        <!--RIBBONS-->
        <ul class="c-product-card__ribbons">
    </ul>
</div>


    <!--HEADER-->
    <div class="c-product-card__header">
        <h2 class="c-product-card__headline" itemprop="name">YAMAZAKI​ PEATED MALT SPANISH OAK: 2024 Kogei Collection</h2>
        <h3 class="c-product-card__subline">Yamazaki</h3>
        </div>

    <!--PRICEBOX-->
    <div class="c-product-card__price" itemprop="offers" itemscope itemtype="https://schema.org/Offer">
    <div class="c-price-box">
        <p class="c-price " itemprop="price" content="229.9">
            <span>from</span>
            €229.90</p>
        <p class="c-price-box__reference">(€328.43 / 1 l)</p>
        <p class="c-price-box__info" itemprop="priceCurrency" content="EUR">
            </p>
    </div>
</div>
<!--VARIANTS-->
    <!--VARIANTS-->
</div>

</div>
                <div class="c-carousel__slide">
                        <div class="c-product-card js-wishlist-anchor" itemprop="item" itemscope itemtype="https://schema.org/Product">
    <div class="u-position-relative">
            <!-- In other contexts, just show the wishlist heart -->
        





<div class="c-product-card__wishlist">
    <div class="c-product-preview__wishlist js-wishlist js-wishlist-icon">

        

        <button class="c-button c-button--icon-only c-button--inverted js-wishlist-icon-not-added js-add-product-to-wishlist
        " hx-post="/en/global/wishlist/add/000000000001615701" hx-swap="none">
            <svg class="c-button__icon">
                <use xlink:href="/_ui/20250325002051/responsive/theme-gh/icons/sprite.svg#heart-light"></use>
            </svg>
        </button>

        

        <button class="c-button c-button--icon-only c-button--inverted js-wishlist-icon-added js-remove-product-from-wishlist
            u-hidden" hx-post="/en/global/wishlist/remove/000000000001615701" hx-swap="none">
            <svg class="c-button__icon">
                <use xlink:href="/_ui/20250325002051/responsive/theme-gh/icons/sprite.svg#heart-solid"></use>
            </svg>
        </button>
    </div>
</div>
</div>
    <a href="/en/global/macallan/macallan-harmony-3-green-meadow-highland-single-malt-scotch-whisky-40-2vol-0-7l/p/000000000001615701/"
       title="Macallan Harmony 3 Green Meadow Highland Single Malt Scotch Whisky 40.2% 0.7L"
       class="c-product-card__link js-article-link js-wishlist-tracking "
       itemprop="url"
       data-track-id="000000000001615701"
       data-track-title="comp_000094RF"
       data-track-price="199.9"
       data-track-currency="EUR"
       data-track-view
       data-track-click="/en/global/macallan/macallan-harmony-3-green-meadow-highland-single-malt-scotch-whisky-40-2vol-0-7l/p/000000000001615701/"
       data-track-type="product"
       data-track
    >
        <script type="application/json" class="js-wishlist-payload">
            

{
"name": "Macallan Harmony 3 Green Meadow Highland Single Malt Scotch Whisky 40.2% 0.7L",
"id": "1615701",
"price": "199.9",
"brand": "Macallan",
"category": "Whisky",
"variant": "",
"metric1": "",
"dimension1": "",
"dimension2": "",
"dimension3": "travel exclusive"
}
</script>
    </a>

    <div class="c-product-card__media-wrapper">
        <picture class="c-product-card__media">
            <img class="c-product-card__image" src="/medias/300Wx300H-null?context=bWFzdGVyfGltYWdlc3wzMjMzMXxpbWFnZS9qcGVnfGFEazRMMmc0Tmk4eE1UQTVNRGN4TWpneU1UYzVNQzh6TURCWGVETXdNRWhmYm5Wc2JBfDMxYjlmNGRkZDZkNjA2NzEzZTczYjkzNDkwZmIxNTU2MTUwNzJkY2Y1MTE5NWNmNjlkYmJjZWYzYzU1ZThmODk&v=1725309241830" alt="" width="300"
                 height="400" itemprop="image">
        </picture>

        <!--RIBBONS-->
        <ul class="c-product-card__ribbons">
    <li>
            








    
    
        <span class="c-ribbon c-ribbon--edition">
                Travel Edition
        </span>
    

</li>
    </ul>
</div>


    <!--HEADER-->
    <div class="c-product-card__header">
        <h2 class="c-product-card__headline" itemprop="name">Macallan Harmony 3 Green Meadow Highland Single Malt Scotch Whisky 40.2% 0.7L</h2>
        <h3 class="c-product-card__subline">Macallan</h3>
        </div>

    <!--PRICEBOX-->
    <div class="c-product-card__price" itemprop="offers" itemscope itemtype="https://schema.org/Offer">
    <div class="c-price-box">
        <p class="c-price " itemprop="price" content="199.9">
            <span>from</span>
            €199.90</p>
        <p class="c-price-box__reference">(€285.57 / 1 l)</p>
        <p class="c-price-box__info" itemprop="priceCurrency" content="EUR">
            </p>
    </div>
</div>
<!--VARIANTS-->
    <!--VARIANTS-->
</div>

</div>
                <div class="c-carousel__slide">
                        <div class="c-product-card js-wishlist-anchor" itemprop="item" itemscope itemtype="https://schema.org/Product">
    <div class="u-position-relative">
            <!-- In other contexts, just show the wishlist heart -->
        





<div class="c-product-card__wishlist">
    <div class="c-product-preview__wishlist js-wishlist js-wishlist-icon">

        

        <button class="c-button c-button--icon-only c-button--inverted js-wishlist-icon-not-added js-add-product-to-wishlist
        " hx-post="/en/global/wishlist/add/000000000001421756" hx-swap="none">
            <svg class="c-button__icon">
                <use xlink:href="/_ui/20250325002051/responsive/theme-gh/icons/sprite.svg#heart-light"></use>
            </svg>
        </button>

        

        <button class="c-button c-button--icon-only c-button--inverted js-wishlist-icon-added js-remove-product-from-wishlist
            u-hidden" hx-post="/en/global/wishlist/remove/000000000001421756" hx-swap="none">
            <svg class="c-button__icon">
                <use xlink:href="/_ui/20250325002051/responsive/theme-gh/icons/sprite.svg#heart-solid"></use>
            </svg>
        </button>
    </div>
</div>
</div>
    <a href="/en/global/woodford/woodford-reserve-disitllers-selection-kentucky-straight-bourbon-whiskey-holiday-edition-45-2vol-1l-woodford-reserve-disitllers-selection-kentucky-straight-bourbon-whiskey-holiday-edition-45-2vol-1l/p/000000000001421756/"
       title="Woodford Reserve Disitllers Selection Kentucky Straight Bourbon Whiskey Holiday Edition 45.2% 1L Woodford Reserve Disitllers Selection Kentucky Straight Bourbon Whiskey Holiday Edition 45.2% 1L"
       class="c-product-card__link js-article-link js-wishlist-tracking "
       itemprop="url"
       data-track-id="000000000001421756"
       data-track-title="comp_000094RF"
       data-track-price="49.9"
       data-track-currency="EUR"
       data-track-view
       data-track-click="/en/global/woodford/woodford-reserve-disitllers-selection-kentucky-straight-bourbon-whiskey-holiday-edition-45-2vol-1l-woodford-reserve-disitllers-selection-kentucky-straight-bourbon-whiskey-holiday-edition-45-2vol-1l/p/000000000001421756/"
       data-track-type="product"
       data-track
    >
        <script type="application/json" class="js-wishlist-payload">
            

{
"name": "Woodford Reserve Disitllers Selection Kentucky Straight Bourbon Whiskey Holiday Edition 45.2% 1L Woodford Reserve Disitllers Selection Kentucky Straight Bourbon Whiskey Holiday Edition 45.2% 1L",
"id": "1421756",
"price": "49.9",
"brand": "Woodford",
"category": "Whisky",
"variant": "",
"metric1": "",
"dimension1": "",
"dimension2": "",
"dimension3": ""
}
</script>
    </a>

    <div class="c-product-card__media-wrapper">
        <picture class="c-product-card__media">
            <img class="c-product-card__image" src="/medias/300Wx300H-null?context=bWFzdGVyfGltYWdlc3wzODM5OXxpbWFnZS9qcGVnfGFEZGlMMmhqTVM4eE1UQTFOVFV6TmpJME1qY3hPQzh6TURCWGVETXdNRWhmYm5Wc2JBfDJlNjdkMWVmNTc2MzhlNDcwZDMxNjlmOTM4NGNiOGFjYmU3YTE1ZDhhY2Y2OTMyMzJkYjE5M2Y1Mzg0ODU1YTA&v=1724704344545" alt="" width="300"
                 height="400" itemprop="image">
        </picture>

        <!--RIBBONS-->
        <ul class="c-product-card__ribbons">
    </ul>
</div>


    <!--HEADER-->
    <div class="c-product-card__header">
        <h2 class="c-product-card__headline" itemprop="name">Woodford Reserve Disitllers Selection Kentucky Straight Bourbon Whiskey Holiday Edition 45.2% 1L Woodford Reserve Disitllers Selection Kentucky Straight Bourbon Whiskey Holiday Edition 45.2% 1L</h2>
        <h3 class="c-product-card__subline">Woodford</h3>
        </div>

    <!--PRICEBOX-->
    <div class="c-product-card__price" itemprop="offers" itemscope itemtype="https://schema.org/Offer">
    <div class="c-price-box">
        <p class="c-price " itemprop="price" content="49.9">
            <span>from</span>
            €49.90</p>
        <p class="c-price-box__reference">(€49.90 / 1 l)</p>
        <p class="c-price-box__info" itemprop="priceCurrency" content="EUR">
            </p>
    </div>
</div>
<!--VARIANTS-->
    <!--VARIANTS-->
</div>

</div>
                <div class="c-carousel__slide">
                        <div class="c-product-card js-wishlist-anchor" itemprop="item" itemscope itemtype="https://schema.org/Product">
    <div class="u-position-relative">
            <!-- In other contexts, just show the wishlist heart -->
        





<div class="c-product-card__wishlist">
    <div class="c-product-preview__wishlist js-wishlist js-wishlist-icon">

        

        <button class="c-button c-button--icon-only c-button--inverted js-wishlist-icon-not-added js-add-product-to-wishlist
        " hx-post="/en/global/wishlist/add/000000000001573379" hx-swap="none">
            <svg class="c-button__icon">
                <use xlink:href="/_ui/20250325002051/responsive/theme-gh/icons/sprite.svg#heart-light"></use>
            </svg>
        </button>

        

        <button class="c-button c-button--icon-only c-button--inverted js-wishlist-icon-added js-remove-product-from-wishlist
            u-hidden" hx-post="/en/global/wishlist/remove/000000000001573379" hx-swap="none">
            <svg class="c-button__icon">
                <use xlink:href="/_ui/20250325002051/responsive/theme-gh/icons/sprite.svg#heart-solid"></use>
            </svg>
        </button>
    </div>
</div>
</div>
    <a href="/en/global/jack-daniel-s/jack-daniel-s-black-label-mclaren-edition-tennessee-whiskey-40vol-1l-gift-pack/p/000000000001573379/"
       title="Jack Daniel's Black Label McLaren Edition Tennessee Whiskey 40% 1L gift pack"
       class="c-product-card__link js-article-link js-wishlist-tracking "
       itemprop="url"
       data-track-id="000000000001573379"
       data-track-title="comp_000094RF"
       data-track-price="36.9"
       data-track-currency="EUR"
       data-track-view
       data-track-click="/en/global/jack-daniel-s/jack-daniel-s-black-label-mclaren-edition-tennessee-whiskey-40vol-1l-gift-pack/p/000000000001573379/"
       data-track-type="product"
       data-track
    >
        <script type="application/json" class="js-wishlist-payload">
            

{
"name": "Jack Daniel's Black Label McLaren Edition Tennessee Whiskey 40% 1L gift pack",
"id": "1573379",
"price": "36.9",
"brand": "Jack Daniel's",
"category": "Whisky",
"variant": "",
"metric1": "",
"dimension1": "",
"dimension2": "",
"dimension3": ""
}
</script>
    </a>

    <div class="c-product-card__media-wrapper">
        <picture class="c-product-card__media">
            <img class="c-product-card__image" src="/medias/300Wx300H-null?context=bWFzdGVyfGltYWdlc3w1NTI4MnxpbWFnZS9qcGVnfGFEWXdMMmd3T0M4eE1UTXhOekkwTmpVNU1UQXdOaTh6TURCWGVETXdNRWhmYm5Wc2JBfDBhMTk1NzA5ZGI0ODlmYzUzZjQ1NTg3NjI4MjIzM2FiOWNkY2M3MGZmNzc2OTRjMjQzMzFhZGExZDVhYzM2OWU&v=1729890106632" alt="" width="300"
                 height="400" itemprop="image">
        </picture>

        <!--RIBBONS-->
        <ul class="c-product-card__ribbons">
    </ul>
</div>


    <!--HEADER-->
    <div class="c-product-card__header">
        <h2 class="c-product-card__headline" itemprop="name">Jack Daniel's Black Label McLaren Edition Tennessee Whiskey 40% 1L gift pack</h2>
        <h3 class="c-product-card__subline">Jack Daniel's</h3>
        </div>

    <!--PRICEBOX-->
    <div class="c-product-card__price" itemprop="offers" itemscope itemtype="https://schema.org/Offer">
    <div class="c-price-box">
        <p class="c-price " itemprop="price" content="36.9">
            <span>from</span>
            €36.90</p>
        <p class="c-price-box__reference">(€36.90 / 1 l)</p>
        <p class="c-price-box__info" itemprop="priceCurrency" content="EUR">
            </p>
    </div>
</div>
<!--VARIANTS-->
    <!--VARIANTS-->
</div>

</div>
                <div class="c-carousel__slide">
                        <div class="c-product-card js-wishlist-anchor" itemprop="item" itemscope itemtype="https://schema.org/Product">
    <div class="u-position-relative">
            <!-- In other contexts, just show the wishlist heart -->
        





<div class="c-product-card__wishlist">
    <div class="c-product-preview__wishlist js-wishlist js-wishlist-icon">

        

        <button class="c-button c-button--icon-only c-button--inverted js-wishlist-icon-not-added js-add-product-to-wishlist
        " hx-post="/en/global/wishlist/add/000000000001662979" hx-swap="none">
            <svg class="c-button__icon">
                <use xlink:href="/_ui/20250325002051/responsive/theme-gh/icons/sprite.svg#heart-light"></use>
            </svg>
        </button>

        

        <button class="c-button c-button--icon-only c-button--inverted js-wishlist-icon-added js-remove-product-from-wishlist
            u-hidden" hx-post="/en/global/wishlist/remove/000000000001662979" hx-swap="none">
            <svg class="c-button__icon">
                <use xlink:href="/_ui/20250325002051/responsive/theme-gh/icons/sprite.svg#heart-solid"></use>
            </svg>
        </button>
    </div>
</div>
</div>
    <a href="/en/global/makers-mark/maker-s-mark-wood-finishing-series-frankfurt-edition-kentucky-whiskey-54-2vol-0-7l/p/000000000001662979/"
       title="Maker's Mark Wood Finishing Series Frankfurt Edition Kentucky Whiskey 54.2% 0.7L"
       class="c-product-card__link js-article-link js-wishlist-tracking "
       itemprop="url"
       data-track-id="000000000001662979"
       data-track-title="comp_000094RF"
       data-track-price="99.9"
       data-track-currency="EUR"
       data-track-view
       data-track-click="/en/global/makers-mark/maker-s-mark-wood-finishing-series-frankfurt-edition-kentucky-whiskey-54-2vol-0-7l/p/000000000001662979/"
       data-track-type="product"
       data-track
    >
        <script type="application/json" class="js-wishlist-payload">
            

{
"name": "Maker's Mark Wood Finishing Series Frankfurt Edition Kentucky Whiskey 54.2% 0.7L",
"id": "1662979",
"price": "99.9",
"brand": "Makers Mark",
"category": "",
"variant": "",
"metric1": "",
"dimension1": "",
"dimension2": "",
"dimension3": "Heinemann exclusive_travel exclusive"
}
</script>
    </a>

    <div class="c-product-card__media-wrapper">
        <picture class="c-product-card__media">
            <img class="c-product-card__image" src="/medias/300Wx300H-null?context=bWFzdGVyfGltYWdlc3wyODk5OHxpbWFnZS9qcGVnfGFEQmpMMmc1TlM4eE1UUXdNRFE1TXpFd05URTRNaTh6TURCWGVETXdNRWhmYm5Wc2JBfDJmMTc5Y2YxMmNiNTVmNDYzNzNjMjI2MDg0NzIyNzdjMDk0ZWYzOWZiN2UzZTExYTI1Zjk2M2FlZjBlYzY3YTg&v=1731450170228" alt="" width="300"
                 height="400" itemprop="image">
        </picture>

        <!--RIBBONS-->
        <ul class="c-product-card__ribbons">
    <li>
            








    
    
        <span class="c-ribbon c-ribbon--edition">
                Travel Edition
        </span>
    

</li>
    <li>
            








    
    
        <span class="c-ribbon c-ribbon--edition">
                Heinemann Edition
        </span>
    

</li>
    </ul>
</div>


    <!--HEADER-->
    <div class="c-product-card__header">
        <h2 class="c-product-card__headline" itemprop="name">Maker's Mark Wood Finishing Series Frankfurt Edition Kentucky Whiskey 54.2% 0.7L</h2>
        <h3 class="c-product-card__subline">Makers Mark</h3>
        </div>

    <!--PRICEBOX-->
    <div class="c-product-card__price" itemprop="offers" itemscope itemtype="https://schema.org/Offer">
    <div class="c-price-box">
        <p class="c-price " itemprop="price" content="99.9">
            <span>from</span>
            €99.90</p>
        <p class="c-price-box__reference">(€142.71 / 1 l)</p>
        <p class="c-price-box__info" itemprop="priceCurrency" content="EUR">
            </p>
    </div>
</div>
<!--VARIANTS-->
    <!--VARIANTS-->
</div>

</div>
                </div>
        </div>
    </div>
</div>

</section><section class="yCmsComponent mdc-layout-grid__cell mdc-layout-grid__cell--span-12">
<div class="c-section u-bg-color-neutral-15">

        <header class="c-section-header-new c-section-header-new--column">
            <!-- ONLY RENDER HEADINGS DIV IF HEADLINE || SUBLINE-->
                <div class="c-section-header-new__headings">
                    <h4 class="c-section-header-new__headline">Popular Brands</h4>
                    </div>
            <a href="/en/global/brands" class="c-section-header-new__link" title="Brands" >Brands</a></header>

        <div class="c-brand-list js-track-brand-list"
             data-track
             data-track-payload>
            <script type="application/json" class="js-track-payload">
                {"id": "comp_000094RG", "list_name": "03-2025 New Home | Brand List | Top Brands", "creative": "2025-01-16", "position": "Default ContentStage for NEW HOMEPAGE"}
            </script>
            <a href="/en/global/hendrick-s/c/BRAND_3047/" class="c-brand-list__item js-brand-list-item">
                    <script class="js-track-payload-script"
                            type="application/json">{"id":"BRAND_3047","name":"Hendrick's","position":0}</script>
                    <picture class="c-brand-list__media">
                        <img src="/medias/?context=bWFzdGVyfGltYWdlc3w0MDUzMnxpbWFnZS9wbmd8YURrNUwyZzBNUzh4TVRrek1UTXlOVEF6T0RZeU1nfDZmZDRlZTQzMWE4NDJjOTIzYmIwNDBmZjhiMTNjNjczN2MzYmQ1MTE2MTBjODAwYWUzYjJjNDA5ZDc2NDUwNzg&v=1742853576963" alt="Hendrick's" class="c-brand-list__image"/>
                    </picture>
                </a>
            <a href="/en/global/marc-jacobs/c/BRAND_2947/" class="c-brand-list__item js-brand-list-item">
                    <script class="js-track-payload-script"
                            type="application/json">{"id":"BRAND_2947","name":"Marc Jacobs","position":1}</script>
                    <picture class="c-brand-list__media">
                        <img src="/medias/?context=bWFzdGVyfGltYWdlc3wxMzgzNXxpbWFnZS9wbmd8YURjM0wyZ3pZaTh4TVRnMU1qTTRNVGswTlRnNE5nfDk1ZDM0Y2FiZjVmNWJjMWMzZDM4YWIxYmY4ZTM5ODFmN2M0MmViYjVkOTllNDhiMWQ5YTAyZGY2MWMxMDVkZjE&v=1741212805556" alt="Marc Jacobs" class="c-brand-list__image"/>
                    </picture>
                </a>
            <a href="/en/global/macallan/c/BRAND_0996/" class="c-brand-list__item js-brand-list-item">
                    <script class="js-track-payload-script"
                            type="application/json">{"id":"BRAND_0996","name":"Macallan","position":2}</script>
                    <picture class="c-brand-list__media">
                        <img src="/medias/?context=bWFzdGVyfGltYWdlc3w2MDI1OHxpbWFnZS9wbmd8YUdaa0wyZzJOUzh4TVRjMk1qRTBNakExTWpNNE1nfDdmOTVmYmU4NTRhNzAzZTJhMzhiMTNhNGNmMDY5NWJkZDcwNTA0ZDI0ZWM5MmRjYzc4ZTNkYzg2ZDRkYTJmODE&v=1739480813806" alt="Macallan" class="c-brand-list__image"/>
                    </picture>
                </a>
            <a href="/en/global/susanne-kaufmann/c/BRAND_A586/" class="c-brand-list__item js-brand-list-item">
                    <script class="js-track-payload-script"
                            type="application/json">{"id":"BRAND_A586","name":"Susanne Kaufmann","position":3}</script>
                    <picture class="c-brand-list__media">
                        <img src="/medias/?context=bWFzdGVyfGltYWdlc3wyNDAxM3xpbWFnZS9wbmd8YUdFekwyZ3pPUzh4TVRneU1qQXlNakF3TURZM01BfGIxMDlmZmM5MGZlM2JlZGI3NjcwYWY5ZmU4Y2ZiYWMxMDkwNWUzOGYwZjdkMGU0NjdjODBkNTlmZjhlM2I3NDE&v=1740611000838" alt="Susanne Kaufmann" class="c-brand-list__image"/>
                    </picture>
                </a>
            <a href="/en/global/moet-chandon/c/BRAND_0468/" class="c-brand-list__item js-brand-list-item">
                    <script class="js-track-payload-script"
                            type="application/json">{"id":"BRAND_0468","name":"Moët & Chandon","position":4}</script>
                    <picture class="c-brand-list__media">
                        <img src="/medias/Brand-0468-480Wx340H?context=bWFzdGVyfGltYWdlc3w2ODA1M3xpbWFnZS9wbmd8YVcxaFoyVnpMMmd5TUM5b1pUQXZPRGM1TnpVd056TTFORFkxTkM1d2JtY3w5OTQxNDM1ZGFkZGIyN2VjOWMxNTE5YmFiMGJjNDczNzhmZWE1NmUzZGIyMzZhNWM4ZjFlNjIzYjczODUzNGE4&v=1535634418111" alt="Moët & Chandon" class="c-brand-list__image"/>
                    </picture>
                </a>
            <a href="/en/global/jack-daniel-s/c/BRAND_0218/" class="c-brand-list__item js-brand-list-item">
                    <script class="js-track-payload-script"
                            type="application/json">{"id":"BRAND_0218","name":"Jack Daniel's","position":5}</script>
                    <picture class="c-brand-list__media">
                        <img src="/medias/?context=bWFzdGVyfGltYWdlc3wyMjYyMXxpbWFnZS9wbmd8YURreUwyZzNaQzh4TVRNMU1ESTRNVGt4TWpNMU1BfGQzMzlmZmNmM2Y3NzUzZWVmZmIwNzg0OGExZTgxMDMyYWQ0NzQ1NGRjOTc1NjJmMzA2ZTgxYzY1MTQ4MDY2ZTI&v=1730497295118" alt="Jack Daniel's" class="c-brand-list__image"/>
                    </picture>
                </a>
            <a href="/en/global/yves-saint-laurent/c/BRAND_4087/" class="c-brand-list__item js-brand-list-item">
                    <script class="js-track-payload-script"
                            type="application/json">{"id":"BRAND_4087","name":"Yves Saint Laurent","position":6}</script>
                    <picture class="c-brand-list__media">
                        <img src="/medias/?context=bWFzdGVyfGltYWdlc3wxODA0M3xpbWFnZS9wbmd8YURobUwyZzFZaTg1Tmprek56VXdNell5TVRReXxmNWQ1ZDYxMjQ0NGJlNjRiNmFiNTFhZmUyOWU1OTUxYWMxMzNjNDYwZjc1OGUyZjRiZmFkMGM0ZWJlNzU0MjAw&v=1657190008309" alt="Yves Saint Laurent" class="c-brand-list__image"/>
                    </picture>
                </a>
            <a href="/en/global/hennessy/c/BRAND_0172/" class="c-brand-list__item js-brand-list-item">
                    <script class="js-track-payload-script"
                            type="application/json">{"id":"BRAND_0172","name":"Hennessy","position":7}</script>
                    <picture class="c-brand-list__media">
                        <img src="/medias/?context=bWFzdGVyfGltYWdlc3wyODcyOHxpbWFnZS9wbmd8YUdKbUwyaGhOaTh4TVRZeE16azRNREk1TlRFNU9BfDFiNWNiZjhhM2VmYmI2MGVhZTJiZDc1MjA3MTY5MmRhODg4M2YyYTQwYjAwNjk2Nzc0NWZlNDVhZTRmN2RhMGY&v=1736371472992" alt="Hennessy" class="c-brand-list__image"/>
                    </picture>
                </a>
            <a href="/en/global/jean-paul-gaultier/c/BRAND_1687/" class="c-brand-list__item js-brand-list-item">
                    <script class="js-track-payload-script"
                            type="application/json">{"id":"BRAND_1687","name":"Jean Paul Gaultier","position":8}</script>
                    <picture class="c-brand-list__media">
                        <img src="/medias/?context=bWFzdGVyfGltYWdlc3wzMjI2NHxpbWFnZS9wbmd8YUdSbEwyZ3dOUzh4TVRZNU1UUTROelUxT1RjeE1BfDVkYjg0YjM2OWEwZWI5MGZmNDRlMTdkYzhjYTUxZDE3NjY5MDdmYjgzMjdhMTJlZTIwZTFiYjM5YjcyNTYyMTc&v=1738013600749" alt="Jean Paul Gaultier" class="c-brand-list__image"/>
                    </picture>
                </a>
            <a href="/en/global/ardbeg/c/BRAND_0195/" class="c-brand-list__item js-brand-list-item">
                    <script class="js-track-payload-script"
                            type="application/json">{"id":"BRAND_0195","name":"Ardbeg","position":9}</script>
                    <picture class="c-brand-list__media">
                        <img src="/medias/?context=bWFzdGVyfGltYWdlc3wyNzY0M3xpbWFnZS9wbmd8YURRMUwyaGpOQzh4TVRnNE1qTTNNakkyT0RBMk1nfDQzZGYzZjc0YjIyMzQ5OTNiNzRlZDEyYjA3ZDMxNjNiNDAzNjc3MGIwYzBmZjdjZTBkMDdlZTFiZGY3MThlY2I&v=1741730925802" alt="Ardbeg" class="c-brand-list__image"/>
                    </picture>
                </a>
            <a href="/en/global/neuhaus/c/BRAND_1376/" class="c-brand-list__item js-brand-list-item">
                    <script class="js-track-payload-script"
                            type="application/json">{"id":"BRAND_1376","name":"Neuhaus","position":10}</script>
                    <picture class="c-brand-list__media">
                        <img src="/medias/?context=bWFzdGVyfGltYWdlc3wxNTU2OXxpbWFnZS9wbmd8YURreEwyZzROQzh4TURVeU1USTBNRGMyTkRRME5nfGRiNGNiZTQ2NDkyYmNlNjQxMjMzMzQxNDU3MTVjOTExYzUzM2U0MmFjODVhYjI1YmY2YzMwZWVkOWJkY2RkM2U&v=1712107749874" alt="Neuhaus" class="c-brand-list__image"/>
                    </picture>
                </a>
            <a href="/en/global/jaegermeister/c/BRAND_0360/" class="c-brand-list__item js-brand-list-item">
                    <script class="js-track-payload-script"
                            type="application/json">{"id":"BRAND_0360","name":"Jägermeister","position":11}</script>
                    <picture class="c-brand-list__media">
                        <img src="/medias/?context=bWFzdGVyfGltYWdlc3w5MjYyNHxpbWFnZS9wbmd8YURFeEwyZ3lOQzh4TVRZNU5UQTJORGMwTXprMk5nfDYzYzY2N2E5MmM4YTNlMjAyMTIwYjk3ZDkxNmI4MWEzNDY1NTZmZDVmNTcyZGM2YWE3NzlhYmJjOGJjMTIxNzc&v=1738102429552" alt="Jägermeister" class="c-brand-list__image"/>
                    </picture>
                </a>
            </div>
    </div>
</section><section class="yCmsComponent mdc-layout-grid__cell mdc-layout-grid__cell--span-12">
<div>
    <div
        data-track-view
        data-track-click="/en/global/custom-made-categories/member-prices/c/customcat_2040/"
        data-track-type="banner"
        data-track>
    <script type="application/json" class="js-track-payload">
        {"id": "comp_000094RH", "name": "03-2025 New Home | L Teaser | Member Prices", "creative": "2025-01-16", "position": "Default ContentStage for NEW HOMEPAGE"}
    </script>
    <a href="/en/global/custom-made-categories/member-prices/c/customcat_2040/"
       >
        <div class="c-teaser c-teaser--dark "
                
                    style="background-color: #000000"
                
        >
            <picture class="c-teaser__img-wrapper">
                <source srcset="/medias/03-2025-Member-Price-Teaser-L-Mobile-480x270.jpg?context=bWFzdGVyfGltYWdlc3w1Mjk5OXxpbWFnZS9qcGVnfGFHUmxMMmhtTVM4eE1UYzROalF4TXpNME1qYzFNQzh3TXkweU1ESTFMVTFsYldKbGNpMVFjbWxqWlMxVVpXRnpaWEl0VEMxTmIySnBiR1V0TkRnd2VESTNNQzVxY0djfDEwZmUxMzQzNzYxYjYyNGQyODJkYTc2YWNkYTNiZDYxZTU0ODkxMmY5YmQyNThlYThmMTM1YzY4ZTc4MmQyYWM&v=1740142777659" media="(max-width: 699px)">
                <img src="/_ui/20250325002051/responsive/theme-gh/images/filler.png" data-lazyload-src="/medias/03-2025-Member-Price-Teaser-L-Desktop-720x405.jpg?context=bWFzdGVyfGltYWdlc3wxMTA2NTd8aW1hZ2UvanBlZ3xhR1ZtTDJobU5DOHhNVGM0TmpReE16STNOekl4TkM4d015MHlNREkxTFUxbGJXSmxjaTFRY21salpTMVVaV0Z6WlhJdFRDMUVaWE5yZEc5d0xUY3lNSGcwTURVdWFuQm58ZTZlNWNiYWMwODA0YjNlMDRlYTMxYTFiZTZhMGRjZmVlMTIxMjM4ZThiNjFjNGVkODllMjlmN2RhMTQxNTc0OQ&v=1740142777384"
                     data-lazyload-pending="true" alt="03-2025-Member-Price-Teaser-L-Desktop-720x405.jpg" title="A well-dressed man in a tuxedo is adjusting his bow tie, showcasing his attention to detail and sophistication.">
            </picture>
            <div class="c-teaser__text-wrapper">
                <div>
                    <div class="c-teaser__headline-wrapper">
                        <h3 class="c-teaser__headline">For Loyal Customers Only: Benefit from Exclusive Offers</h3>
                        <h4 class="c-teaser__subline">Member Prices</h4>
                        </div>
                    <button class="c-button c-button--tertiary c-button--tertiary--white c-teaser__button">
                                SHOW MEMBER PRICES</button>
                    </div>
            </div>
        </div>
        </a>
    </div>
<div class="c-section u-padding-right-none" style="background-color: #f5f5f5">
        <header class="c-section-header-new c-section-header-new--column">
            <!-- ONLY RENDER HEADINGS DIV IF HEADLINE || SUBLINE-->
            <div class="c-section-header-new__headings">
                <h4 class="c-section-header-new__headline">Popular Member Prices</h4>
                </div>
            <a href="/en/global/custom-made-categories/member-prices/c/customcat_2040/" class="c-section-header-new__link" title="Member Prices" >Member Prices</a></header>

        <div class="js-track-product-carousel"
             data-track
             data-track-view
             data-track-type="product-carousel"
             data-track-payload>
            <script type="application/json" class="js-track-payload">
                {"list_name": "comp_000094RI", "position": "Default ContentStage for NEW HOMEPAGE"}
            </script>
            <div class="c-carousel js-product-slider"
                 data-slides-to-show="4.15"
                 data-slides-to-scroll="4"
                 data-slides-to-show-tablet="3.15"
                 data-slides-to-scroll-tablet="3"
                 data-slides-to-show-mobile="2.15"
                 data-slides-to-scroll-mobile="2"
                 data-slides-to-show-mobile-s="1.5"
                 data-slides-to-scroll-mobile-s="1">
                <div class="c-carousel__slide">
                        <div class="c-product-card js-wishlist-anchor" itemprop="item" itemscope itemtype="https://schema.org/Product">
    <div class="u-position-relative">
            <!-- In other contexts, just show the wishlist heart -->
        





<div class="c-product-card__wishlist">
    <div class="c-product-preview__wishlist js-wishlist js-wishlist-icon">

        

        <button class="c-button c-button--icon-only c-button--inverted js-wishlist-icon-not-added js-add-product-to-wishlist
        " hx-post="/en/global/wishlist/add/000000000001487752" hx-swap="none">
            <svg class="c-button__icon">
                <use xlink:href="/_ui/20250325002051/responsive/theme-gh/icons/sprite.svg#heart-light"></use>
            </svg>
        </button>

        

        <button class="c-button c-button--icon-only c-button--inverted js-wishlist-icon-added js-remove-product-from-wishlist
            u-hidden" hx-post="/en/global/wishlist/remove/000000000001487752" hx-swap="none">
            <svg class="c-button__icon">
                <use xlink:href="/_ui/20250325002051/responsive/theme-gh/icons/sprite.svg#heart-solid"></use>
            </svg>
        </button>
    </div>
</div>
</div>
    <a href="/en/global/baileys/baileys-birthday-cake-cream-liqueur-17vol-0-7l/p/000000000001487752/"
       title="Baileys Birthday Cake Cream Liqueur 17% 0.7L"
       class="c-product-card__link js-article-link js-wishlist-tracking "
       itemprop="url"
       data-track-id="000000000001487752"
       data-track-title="comp_000094RI"
       data-track-price="17.9"
       data-track-currency="EUR"
       data-track-view
       data-track-click="/en/global/baileys/baileys-birthday-cake-cream-liqueur-17vol-0-7l/p/000000000001487752/"
       data-track-type="product"
       data-track
    >
        <script type="application/json" class="js-wishlist-payload">
            

{
"name": "Baileys Birthday Cake Cream Liqueur 17% 0.7L",
"id": "1487752",
"price": "17.9",
"brand": "Baileys",
"category": "Spirits",
"variant": "",
"metric1": "",
"dimension1": "",
"dimension2": "",
"dimension3": ""
}
</script>
    </a>

    <div class="c-product-card__media-wrapper">
        <picture class="c-product-card__media">
            <img class="c-product-card__image" src="/medias/300Wx300H-null?context=bWFzdGVyfGltYWdlc3wyNjUyN3xpbWFnZS9qcGVnfGFERmpMMmcyWVM4eE1UUTBNemcxT0RFeE1qVTBNaTh6TURCWGVETXdNRWhmYm5Wc2JBfDUzMGMwMGRkNWMyNjdlZTdmZGMyZDlmNzJkNTM2MjhkMzliNDMxZTU1NGEwYjlkOGVkYjI4MDk3YzExZGI0MzI&v=1732655295718" alt="" width="300"
                 height="400" itemprop="image">
        </picture>

        <!--RIBBONS-->
        <ul class="c-product-card__ribbons">
    <li>
            








    
    
        <span class="c-ribbon c-ribbon--member">
                Member Price
        </span>
    

</li>
    </ul>
</div>


    <!--HEADER-->
    <div class="c-product-card__header">
        <h2 class="c-product-card__headline" itemprop="name">Baileys Birthday Cake Cream Liqueur 17% 0.7L</h2>
        <h3 class="c-product-card__subline">Baileys</h3>
        </div>

    <!--PRICEBOX-->
    <div class="c-product-card__price" itemprop="offers" itemscope itemtype="https://schema.org/Offer">
    <div class="c-price-box">
        <p class="c-price " itemprop="price" content="12.9">
            <span>from</span>
            €12.90</p>
        <p class="c-price-box__reference">(€18.43 / 1 l)</p>
        <p class="c-price-box__info" itemprop="priceCurrency" content="EUR">
                <strong>Standard price&nbsp;€17.90&nbsp;</strong>
                <span class="c-price-box__reference">(€25.57 / 1 l)</span>
            </p>
        <p class="c-price-box__info" itemprop="priceCurrency" content="EUR">
            The reduced price is valid until<strong>
        31/03/25</strong>
</p>
    </div>
</div>
<!--VARIANTS-->
    <!--VARIANTS-->
</div>

</div>
                <div class="c-carousel__slide">
                        <div class="c-product-card js-wishlist-anchor" itemprop="item" itemscope itemtype="https://schema.org/Product">
    <div class="u-position-relative">
            <!-- In other contexts, just show the wishlist heart -->
        





<div class="c-product-card__wishlist">
    <div class="c-product-preview__wishlist js-wishlist js-wishlist-icon">

        

        <button class="c-button c-button--icon-only c-button--inverted js-wishlist-icon-not-added js-add-product-to-wishlist
        " hx-post="/en/global/wishlist/add/000000000001051517" hx-swap="none">
            <svg class="c-button__icon">
                <use xlink:href="/_ui/20250325002051/responsive/theme-gh/icons/sprite.svg#heart-light"></use>
            </svg>
        </button>

        

        <button class="c-button c-button--icon-only c-button--inverted js-wishlist-icon-added js-remove-product-from-wishlist
            u-hidden" hx-post="/en/global/wishlist/remove/000000000001051517" hx-swap="none">
            <svg class="c-button__icon">
                <use xlink:href="/_ui/20250325002051/responsive/theme-gh/icons/sprite.svg#heart-solid"></use>
            </svg>
        </button>
    </div>
</div>
</div>
    <a href="/en/global/burberry/burberry-london-eau-de-parfum-50-ml/p/000000000001051517/"
       title="Burberry London Eau de Parfum 50 ml"
       class="c-product-card__link js-article-link js-wishlist-tracking "
       itemprop="url"
       data-track-id="000000000001051517"
       data-track-title="comp_000094RI"
       data-track-price="72.9"
       data-track-currency="EUR"
       data-track-view
       data-track-click="/en/global/burberry/burberry-london-eau-de-parfum-50-ml/p/000000000001051517/"
       data-track-type="product"
       data-track
    >
        <script type="application/json" class="js-wishlist-payload">
            

{
"name": "Burberry London Eau de Parfum 50 ml",
"id": "1051517",
"price": "72.9",
"brand": "Burberry",
"category": "Fragrance",
"variant": "",
"metric1": "",
"dimension1": "",
"dimension2": "",
"dimension3": ""
}
</script>
    </a>

    <div class="c-product-card__media-wrapper">
        <picture class="c-product-card__media">
            <img class="c-product-card__image" src="/medias/300Wx300H-null?context=bWFzdGVyfGltYWdlc3wyNTA2MnxpbWFnZS9qcGVnfGFEVTFMMmcxWmk4eE1UUTBNemcxTmpRd09EWXdOaTh6TURCWGVETXdNRWhmYm5Wc2JBfGU2MjRkZDBjNmUxODljODgxODNmYTFhOWUyZGIwNzRkOGQ2N2I5NmZkZDY2ZWY5ZWY1M2NmYTEyZDg2MjBiMGU&v=1732655176686" alt="" width="300"
                 height="400" itemprop="image">
        </picture>

        <!--RIBBONS-->
        <ul class="c-product-card__ribbons">
    <li>
            








    
    
        <span class="c-ribbon c-ribbon--member">
                Member Price
        </span>
    

</li>
    </ul>
</div>


    <!--HEADER-->
    <div class="c-product-card__header">
        <h2 class="c-product-card__headline" itemprop="name">Burberry London Eau de Parfum 50 ml</h2>
        <h3 class="c-product-card__subline">Burberry</h3>
        </div>

    <!--PRICEBOX-->
    <div class="c-product-card__price" itemprop="offers" itemscope itemtype="https://schema.org/Offer">
    <div class="c-price-box">
        <p class="c-price " itemprop="price" content="54.9">
            <span>from</span>
            €54.90</p>
        <p class="c-price-box__reference">(€109.80 / 100 ml)</p>
        <p class="c-price-box__info" itemprop="priceCurrency" content="EUR">
                <strong>Standard price&nbsp;€72.90&nbsp;</strong>
                <span class="c-price-box__reference">(€145.80 / 100 ml)</span>
            </p>
        <p class="c-price-box__info" itemprop="priceCurrency" content="EUR">
            The reduced price is valid until<strong>
        31/03/25</strong>
</p>
    </div>
</div>
<!--VARIANTS-->
    <!--VARIANTS-->
</div>

</div>
                <div class="c-carousel__slide">
                        <div class="c-product-card js-wishlist-anchor" itemprop="item" itemscope itemtype="https://schema.org/Product">
    <div class="u-position-relative">
            <!-- In other contexts, just show the wishlist heart -->
        





<div class="c-product-card__wishlist">
    <div class="c-product-preview__wishlist js-wishlist js-wishlist-icon">

        

        <button class="c-button c-button--icon-only c-button--inverted js-wishlist-icon-not-added js-add-product-to-wishlist
        " hx-post="/en/global/wishlist/add/000000000001490551" hx-swap="none">
            <svg class="c-button__icon">
                <use xlink:href="/_ui/20250325002051/responsive/theme-gh/icons/sprite.svg#heart-light"></use>
            </svg>
        </button>

        

        <button class="c-button c-button--icon-only c-button--inverted js-wishlist-icon-added js-remove-product-from-wishlist
            u-hidden" hx-post="/en/global/wishlist/remove/000000000001490551" hx-swap="none">
            <svg class="c-button__icon">
                <use xlink:href="/_ui/20250325002051/responsive/theme-gh/icons/sprite.svg#heart-solid"></use>
            </svg>
        </button>
    </div>
</div>
</div>
    <a href="/en/global/ballantine-s/ballantine-s-7y-blended-scotch-whisky-bourbon-finish-40vol-1l/p/000000000001490551/"
       title="Ballantine's 7y Blended Scotch Whisky Bourbon Finish 40% 1L"
       class="c-product-card__link js-article-link js-wishlist-tracking "
       itemprop="url"
       data-track-id="000000000001490551"
       data-track-title="comp_000094RI"
       data-track-price="29.9"
       data-track-currency="EUR"
       data-track-view
       data-track-click="/en/global/ballantine-s/ballantine-s-7y-blended-scotch-whisky-bourbon-finish-40vol-1l/p/000000000001490551/"
       data-track-type="product"
       data-track
    >
        <script type="application/json" class="js-wishlist-payload">
            

{
"name": "Ballantine's 7y Blended Scotch Whisky Bourbon Finish 40% 1L",
"id": "1490551",
"price": "29.9",
"brand": "Ballantine's",
"category": "Whisky",
"variant": "",
"metric1": "",
"dimension1": "",
"dimension2": "",
"dimension3": ""
}
</script>
    </a>

    <div class="c-product-card__media-wrapper">
        <picture class="c-product-card__media">
            <img class="c-product-card__image" src="/medias/300Wx300H-null?context=bWFzdGVyfGltYWdlc3wzMTcxNnxpbWFnZS9qcGVnfGFHUXlMMmd4TVM4eE1UUTBNemcxTnpZMU16YzVNQzh6TURCWGVETXdNRWhmYm5Wc2JBfDkzNjBiYmU3ZDQwYjhjZTMzZjM4MGRjNzdkYmY2NWViOGFiMjgwYjk3NTE1NGE0YjhmM2E2NGM4MDdhYjRhY2Y&v=1732655264912" alt="" width="300"
                 height="400" itemprop="image">
        </picture>

        <!--RIBBONS-->
        <ul class="c-product-card__ribbons">
    <li>
            








    
    
        <span class="c-ribbon c-ribbon--member">
                Member Price
        </span>
    

</li>
    </ul>
</div>


    <!--HEADER-->
    <div class="c-product-card__header">
        <h2 class="c-product-card__headline" itemprop="name">Ballantine's 7y Blended Scotch Whisky Bourbon Finish 40% 1L</h2>
        <h3 class="c-product-card__subline">Ballantine's</h3>
        </div>

    <!--PRICEBOX-->
    <div class="c-product-card__price" itemprop="offers" itemscope itemtype="https://schema.org/Offer">
    <div class="c-price-box">
        <p class="c-price " itemprop="price" content="23.9">
            <span>from</span>
            €23.90</p>
        <p class="c-price-box__reference">(€23.90 / 1 l)</p>
        <p class="c-price-box__info" itemprop="priceCurrency" content="EUR">
                <strong>Standard price&nbsp;€29.90&nbsp;</strong>
                <span class="c-price-box__reference">(€29.90 / 1 l)</span>
            </p>
        <p class="c-price-box__info" itemprop="priceCurrency" content="EUR">
            The reduced price is valid until<strong>
        31/03/25</strong>
</p>
    </div>
</div>
<!--VARIANTS-->
    <!--VARIANTS-->
</div>

</div>
                <div class="c-carousel__slide">
                        <div class="c-product-card js-wishlist-anchor" itemprop="item" itemscope itemtype="https://schema.org/Product">
    <div class="u-position-relative">
            <!-- In other contexts, just show the wishlist heart -->
        





<div class="c-product-card__wishlist">
    <div class="c-product-preview__wishlist js-wishlist js-wishlist-icon">

        

        <button class="c-button c-button--icon-only c-button--inverted js-wishlist-icon-not-added js-add-product-to-wishlist
        " hx-post="/en/global/wishlist/add/000000000001476324" hx-swap="none">
            <svg class="c-button__icon">
                <use xlink:href="/_ui/20250325002051/responsive/theme-gh/icons/sprite.svg#heart-light"></use>
            </svg>
        </button>

        

        <button class="c-button c-button--icon-only c-button--inverted js-wishlist-icon-added js-remove-product-from-wishlist
            u-hidden" hx-post="/en/global/wishlist/remove/000000000001476324" hx-swap="none">
            <svg class="c-button__icon">
                <use xlink:href="/_ui/20250325002051/responsive/theme-gh/icons/sprite.svg#heart-solid"></use>
            </svg>
        </button>
    </div>
</div>
</div>
    <a href="/en/global/toblerone/toblerone-milk-bundle-4x100-g/p/000000000001476324/"
       title="Toblerone Milk Bundle 4x100 g"
       class="c-product-card__link js-article-link js-wishlist-tracking "
       itemprop="url"
       data-track-id="000000000001476324"
       data-track-title="comp_000094RI"
       data-track-price="13.9"
       data-track-currency="EUR"
       data-track-view
       data-track-click="/en/global/toblerone/toblerone-milk-bundle-4x100-g/p/000000000001476324/"
       data-track-type="product"
       data-track
    >
        <script type="application/json" class="js-wishlist-payload">
            

{
"name": "Toblerone Milk Bundle 4x100 g",
"id": "1476324",
"price": "13.9",
"brand": "Toblerone",
"category": "",
"variant": "",
"metric1": "",
"dimension1": "",
"dimension2": "",
"dimension3": "travel exclusive"
}
</script>
    </a>

    <div class="c-product-card__media-wrapper">
        <picture class="c-product-card__media">
            <img class="c-product-card__image" src="/medias/300Wx300H-null?context=bWFzdGVyfGltYWdlc3wyNTIxOXxpbWFnZS9qcGVnfGFEQTNMMmcxTVM4eE1UUTBNemcxTmpnMk56TTFPQzh6TURCWGVETXdNRWhmYm5Wc2JBfGE0NWVlY2Y3MTNiZTg1YmVkMWM5NzNhMDFmZGIyOTFhODY0MmE0OTBkN2Y4Nzk3OWU5M2IyYWFjZjFjMDJhMzI&v=1732655214838" alt="" width="300"
                 height="400" itemprop="image">
        </picture>

        <!--RIBBONS-->
        <ul class="c-product-card__ribbons">
    <li>
            








    
    
        <span class="c-ribbon c-ribbon--member">
                Member Price
        </span>
    

</li>
    <li>
            








    
    
        <span class="c-ribbon c-ribbon--edition">
                Travel Edition
        </span>
    

</li>
    </ul>
</div>


    <!--HEADER-->
    <div class="c-product-card__header">
        <h2 class="c-product-card__headline" itemprop="name">Toblerone Milk Bundle 4x100 g</h2>
        <h3 class="c-product-card__subline">Toblerone</h3>
        </div>

    <!--PRICEBOX-->
    <div class="c-product-card__price" itemprop="offers" itemscope itemtype="https://schema.org/Offer">
    <div class="c-price-box">
        <p class="c-price " itemprop="price" content="9.9">
            <span>from</span>
            €9.90</p>
        <p class="c-price-box__reference">(€24.75 / 1 kg)</p>
        <p class="c-price-box__info" itemprop="priceCurrency" content="EUR">
                <strong>Standard price&nbsp;€13.90&nbsp;</strong>
                <span class="c-price-box__reference">(€34.75 / 1 kg)</span>
            </p>
        <p class="c-price-box__info" itemprop="priceCurrency" content="EUR">
            The reduced price is valid until<strong>
        31/03/25</strong>
</p>
    </div>
</div>
<!--VARIANTS-->
    <!--VARIANTS-->
</div>

</div>
                <div class="c-carousel__slide">
                        <div class="c-product-card js-wishlist-anchor" itemprop="item" itemscope itemtype="https://schema.org/Product">
    <div class="u-position-relative">
            <!-- In other contexts, just show the wishlist heart -->
        





<div class="c-product-card__wishlist">
    <div class="c-product-preview__wishlist js-wishlist js-wishlist-icon">

        

        <button class="c-button c-button--icon-only c-button--inverted js-wishlist-icon-not-added js-add-product-to-wishlist
        " hx-post="/en/global/wishlist/add/000000000001051614" hx-swap="none">
            <svg class="c-button__icon">
                <use xlink:href="/_ui/20250325002051/responsive/theme-gh/icons/sprite.svg#heart-light"></use>
            </svg>
        </button>

        

        <button class="c-button c-button--icon-only c-button--inverted js-wishlist-icon-added js-remove-product-from-wishlist
            u-hidden" hx-post="/en/global/wishlist/remove/000000000001051614" hx-swap="none">
            <svg class="c-button__icon">
                <use xlink:href="/_ui/20250325002051/responsive/theme-gh/icons/sprite.svg#heart-solid"></use>
            </svg>
        </button>
    </div>
</div>
</div>
    <a href="/en/global/burberry/burberry-london-eau-de-toilette-100ml/p/000000000001051614/"
       title="Burberry London Eau de Toilette 100ml"
       class="c-product-card__link js-article-link js-wishlist-tracking "
       itemprop="url"
       data-track-id="000000000001051614"
       data-track-title="comp_000094RI"
       data-track-price="84.9"
       data-track-currency="EUR"
       data-track-view
       data-track-click="/en/global/burberry/burberry-london-eau-de-toilette-100ml/p/000000000001051614/"
       data-track-type="product"
       data-track
    >
        <script type="application/json" class="js-wishlist-payload">
            

{
"name": "Burberry London Eau de Toilette 100ml",
"id": "1051614",
"price": "84.9",
"brand": "Burberry",
"category": "Fragrance",
"variant": "",
"metric1": "",
"dimension1": "",
"dimension2": "",
"dimension3": ""
}
</script>
    </a>

    <div class="c-product-card__media-wrapper">
        <picture class="c-product-card__media">
            <img class="c-product-card__image" src="/medias/300Wx300H-null?context=bWFzdGVyfGltYWdlc3wzMDU2N3xpbWFnZS9qcGVnfGFHTmpMMmcyT0M4eE1UUTBNemcxTmpFM09USXpNQzh6TURCWGVETXdNRWhmYm5Wc2JBfGMyMjgzOWQ3YTc0ODk1NmM3ZTc4NjNiMjExNmI4NzI0YTM4YWQ0NWJhOWNkYjk1NmMyNTJhNTQ4Yzk3ODlhMmE&v=1732655156564" alt="" width="300"
                 height="400" itemprop="image">
        </picture>

        <!--RIBBONS-->
        <ul class="c-product-card__ribbons">
    <li>
            








    
    
        <span class="c-ribbon c-ribbon--member">
                Member Price
        </span>
    

</li>
    </ul>
</div>


    <!--HEADER-->
    <div class="c-product-card__header">
        <h2 class="c-product-card__headline" itemprop="name">Burberry London Eau de Toilette 100ml</h2>
        <h3 class="c-product-card__subline">Burberry</h3>
        </div>

    <!--PRICEBOX-->
    <div class="c-product-card__price" itemprop="offers" itemscope itemtype="https://schema.org/Offer">
    <div class="c-price-box">
        <p class="c-price " itemprop="price" content="69.9">
            <span>from</span>
            €69.90</p>
        <p class="c-price-box__reference">(€69.90 / 100 ml)</p>
        <p class="c-price-box__info" itemprop="priceCurrency" content="EUR">
                <strong>Standard price&nbsp;€84.90&nbsp;</strong>
                <span class="c-price-box__reference">(€84.90 / 100 ml)</span>
            </p>
        <p class="c-price-box__info" itemprop="priceCurrency" content="EUR">
            The reduced price is valid until<strong>
        31/03/25</strong>
</p>
    </div>
</div>
<!--VARIANTS-->
    <!--VARIANTS-->
</div>

</div>
                <div class="c-carousel__slide">
                        <div class="c-product-card js-wishlist-anchor" itemprop="item" itemscope itemtype="https://schema.org/Product">
    <div class="u-position-relative">
            <!-- In other contexts, just show the wishlist heart -->
        





<div class="c-product-card__wishlist">
    <div class="c-product-preview__wishlist js-wishlist js-wishlist-icon">

        

        <button class="c-button c-button--icon-only c-button--inverted js-wishlist-icon-not-added js-add-product-to-wishlist
        " hx-post="/en/global/wishlist/add/000000000001476321" hx-swap="none">
            <svg class="c-button__icon">
                <use xlink:href="/_ui/20250325002051/responsive/theme-gh/icons/sprite.svg#heart-light"></use>
            </svg>
        </button>

        

        <button class="c-button c-button--icon-only c-button--inverted js-wishlist-icon-added js-remove-product-from-wishlist
            u-hidden" hx-post="/en/global/wishlist/remove/000000000001476321" hx-swap="none">
            <svg class="c-button__icon">
                <use xlink:href="/_ui/20250325002051/responsive/theme-gh/icons/sprite.svg#heart-solid"></use>
            </svg>
        </button>
    </div>
</div>
</div>
    <a href="/en/global/toblerone/toblerone-bundle-classic-collection-4x100g/p/000000000001476321/"
       title="Toblerone Bundle Classic Collection  4x100g"
       class="c-product-card__link js-article-link js-wishlist-tracking "
       itemprop="url"
       data-track-id="000000000001476321"
       data-track-title="comp_000094RI"
       data-track-price="13.9"
       data-track-currency="EUR"
       data-track-view
       data-track-click="/en/global/toblerone/toblerone-bundle-classic-collection-4x100g/p/000000000001476321/"
       data-track-type="product"
       data-track
    >
        <script type="application/json" class="js-wishlist-payload">
            

{
"name": "Toblerone Bundle Classic Collection\u00A0 4x100g",
"id": "1476321",
"price": "13.9",
"brand": "Toblerone",
"category": "",
"variant": "",
"metric1": "",
"dimension1": "",
"dimension2": "",
"dimension3": "travel exclusive"
}
</script>
    </a>

    <div class="c-product-card__media-wrapper">
        <picture class="c-product-card__media">
            <img class="c-product-card__image" src="/medias/300Wx300H-null?context=bWFzdGVyfGltYWdlc3wyNzEwNnxpbWFnZS9qcGVnfGFESmxMMmcxT0M4eE1UUTBNemcxTmpZek56azRNaTh6TURCWGVETXdNRWhmYm5Wc2JBfDMzM2Q0ODYxYWY4ZDBhYTczMTg0MTA3MjcyOTNhMmNmYjVjNWUyMjNiNTUwYWQxMDE4MzFiMzU4ZTZjMzZmZDI&v=1732655195720" alt="" width="300"
                 height="400" itemprop="image">
        </picture>

        <!--RIBBONS-->
        <ul class="c-product-card__ribbons">
    <li>
            








    
    
        <span class="c-ribbon c-ribbon--member">
                Member Price
        </span>
    

</li>
    <li>
            








    
    
        <span class="c-ribbon c-ribbon--edition">
                Travel Edition
        </span>
    

</li>
    </ul>
</div>


    <!--HEADER-->
    <div class="c-product-card__header">
        <h2 class="c-product-card__headline" itemprop="name">Toblerone Bundle Classic Collection  4x100g</h2>
        <h3 class="c-product-card__subline">Toblerone</h3>
        </div>

    <!--PRICEBOX-->
    <div class="c-product-card__price" itemprop="offers" itemscope itemtype="https://schema.org/Offer">
    <div class="c-price-box">
        <p class="c-price " itemprop="price" content="9.9">
            <span>from</span>
            €9.90</p>
        <p class="c-price-box__reference">(€24.75 / 1 kg)</p>
        <p class="c-price-box__info" itemprop="priceCurrency" content="EUR">
                <strong>Standard price&nbsp;€13.90&nbsp;</strong>
                <span class="c-price-box__reference">(€34.75 / 1 kg)</span>
            </p>
        <p class="c-price-box__info" itemprop="priceCurrency" content="EUR">
            The reduced price is valid until<strong>
        31/03/25</strong>
</p>
    </div>
</div>
<!--VARIANTS-->
    <!--VARIANTS-->
</div>

</div>
                <div class="c-carousel__slide">
                        <div class="c-product-card js-wishlist-anchor" itemprop="item" itemscope itemtype="https://schema.org/Product">
    <div class="u-position-relative">
            <!-- In other contexts, just show the wishlist heart -->
        





<div class="c-product-card__wishlist">
    <div class="c-product-preview__wishlist js-wishlist js-wishlist-icon">

        

        <button class="c-button c-button--icon-only c-button--inverted js-wishlist-icon-not-added js-add-product-to-wishlist
        " hx-post="/en/global/wishlist/add/000000000001476325" hx-swap="none">
            <svg class="c-button__icon">
                <use xlink:href="/_ui/20250325002051/responsive/theme-gh/icons/sprite.svg#heart-light"></use>
            </svg>
        </button>

        

        <button class="c-button c-button--icon-only c-button--inverted js-wishlist-icon-added js-remove-product-from-wishlist
            u-hidden" hx-post="/en/global/wishlist/remove/000000000001476325" hx-swap="none">
            <svg class="c-button__icon">
                <use xlink:href="/_ui/20250325002051/responsive/theme-gh/icons/sprite.svg#heart-solid"></use>
            </svg>
        </button>
    </div>
</div>
</div>
    <a href="/en/global/toblerone/toblerone-bundle-fruit-collection-4-x-100-g/p/000000000001476325/"
       title="Toblerone Bundle Fruit Collection 4 x 100 g"
       class="c-product-card__link js-article-link js-wishlist-tracking "
       itemprop="url"
       data-track-id="000000000001476325"
       data-track-title="comp_000094RI"
       data-track-price="13.9"
       data-track-currency="EUR"
       data-track-view
       data-track-click="/en/global/toblerone/toblerone-bundle-fruit-collection-4-x-100-g/p/000000000001476325/"
       data-track-type="product"
       data-track
    >
        <script type="application/json" class="js-wishlist-payload">
            

{
"name": "Toblerone Bundle Fruit Collection 4 x 100 g",
"id": "1476325",
"price": "13.9",
"brand": "Toblerone",
"category": "",
"variant": "",
"metric1": "",
"dimension1": "",
"dimension2": "",
"dimension3": "travel exclusive"
}
</script>
    </a>

    <div class="c-product-card__media-wrapper">
        <picture class="c-product-card__media">
            <img class="c-product-card__image" src="/medias/300Wx300H-null?context=bWFzdGVyfGltYWdlc3wyNzQ3M3xpbWFnZS9qcGVnfGFHUmpMMmd3TUM4eE1UUTBNemcxTnpFMk1qSTNNQzh6TURCWGVETXdNRWhmYm5Wc2JBfDBjYTYxMWQwOGQxNjgzN2QyZjM5YjY3YTdmMzRjMTQzZTAyZGQ3OGMwZWNkN2MxMmQzOGIzNGE0NjE1NTM2ZTE&v=1732655233553" alt="" width="300"
                 height="400" itemprop="image">
        </picture>

        <!--RIBBONS-->
        <ul class="c-product-card__ribbons">
    <li>
            








    
    
        <span class="c-ribbon c-ribbon--member">
                Member Price
        </span>
    

</li>
    <li>
            








    
    
        <span class="c-ribbon c-ribbon--edition">
                Travel Edition
        </span>
    

</li>
    </ul>
</div>


    <!--HEADER-->
    <div class="c-product-card__header">
        <h2 class="c-product-card__headline" itemprop="name">Toblerone Bundle Fruit Collection 4 x 100 g</h2>
        <h3 class="c-product-card__subline">Toblerone</h3>
        </div>

    <!--PRICEBOX-->
    <div class="c-product-card__price" itemprop="offers" itemscope itemtype="https://schema.org/Offer">
    <div class="c-price-box">
        <p class="c-price " itemprop="price" content="9.9">
            <span>from</span>
            €9.90</p>
        <p class="c-price-box__reference">(€24.75 / 1 kg)</p>
        <p class="c-price-box__info" itemprop="priceCurrency" content="EUR">
                <strong>Standard price&nbsp;€13.90&nbsp;</strong>
                <span class="c-price-box__reference">(€34.75 / 1 kg)</span>
            </p>
        <p class="c-price-box__info" itemprop="priceCurrency" content="EUR">
            The reduced price is valid until<strong>
        31/03/25</strong>
</p>
    </div>
</div>
<!--VARIANTS-->
    <!--VARIANTS-->
</div>

</div>
                </div>
        </div>
    </div>
</div>

</section><section class="yCmsComponent mdc-layout-grid__cell mdc-layout-grid__cell--span-12">
<div
        data-track-view
        data-track-click="/en/global/heinemann-and-me-benefits"
        data-track-type="banner"
        data-track>
    <script type="application/json" class="js-track-payload">
        {"id": "comp_000094RJ", "name": "03-2025 New Home | L Teaser | Heinemann x Me", "creative": "2025-01-16", "position": "Default ContentStage for NEW HOMEPAGE"}
    </script>
    <a href="/en/global/heinemann-and-me-benefits"
       >
        <div class="c-teaser c-teaser--dark "
                
                    style="background-color: #000000"
                
        >
            <picture class="c-teaser__img-wrapper">
                <source srcset="/medias/03-2025-Heinemann-x-ME-Teaser-L-Mobile-480x270.jpg?context=bWFzdGVyfGltYWdlc3w3MjkwMHxpbWFnZS9qcGVnfGFERm1MMmhsWlM4eE1UYzROalF4TXpRM016Z3lNaTh3TXkweU1ESTFMVWhsYVc1bGJXRnViaTE0TFUxRkxWUmxZWE5sY2kxTUxVMXZZbWxzWlMwME9EQjRNamN3TG1wd1p3fDIwZThjMDc3ZTQ1NmY1ODMyMzRjODc5YjA0NzI0MTRiOGZkYTY0NDMwNjRlNjgxZDcwODYwNzZjZGRmMTY2ZmY&v=1740142777641" media="(max-width: 699px)">
                <img src="/_ui/20250325002051/responsive/theme-gh/images/filler.png" data-lazyload-src="/medias/03-2025-Heinemann-x-ME-Teaser-L-Desktop-720x405.jpg?context=bWFzdGVyfGltYWdlc3wxNTAyMjR8aW1hZ2UvanBlZ3xhR1V3TDJobFpTOHhNVGM0TmpReE16UXdPREk0Tmk4d015MHlNREkxTFVobGFXNWxiV0Z1YmkxNExVMUZMVlJsWVhObGNpMU1MVVJsYzJ0MGIzQXROekl3ZURRd05TNXFjR2N8M2Q3NjMxMGZkOTIwZDFmZjBkYzdhMTdjNjdjNWEzMjFiOGM1NDU3ODQyOGM5YTkyOWI2Y2ZhYjk5NzBkNjM0Mg&v=1740142777677"
                     data-lazyload-pending="true" alt="03-2025-Heinemann-x-ME-Teaser-L-Desktop-720x405.jpg" title="A stylish couple stands facing each other against a clear blue sky, dressed in trendy clothing, holding hands with a sense of connection.">
            </picture>
            <div class="c-teaser__text-wrapper">
                <div>
                    <div class="c-teaser__headline-wrapper">
                        <h3 class="c-teaser__headline">Start Your Exclusive Shopping Experience with Heinemann x ME and Receive a 10% Welcome Discount and Numerous Exclusive Benefits!</h3>
                        <h4 class="c-teaser__subline">Heinemann x ME</h4>
                        </div>
                    <button class="c-button c-button--tertiary c-button--tertiary--white c-teaser__button">
                                REGISTER NOW</button>
                    </div>
            </div>
        </div>
        </a>
    </div>
</section><section class="yCmsComponent mdc-layout-grid__cell mdc-layout-grid__cell--span-12">
<div class="c-section u-padding-right-none" style="background-color: #f5f5f5">
        <header class="c-section-header-new c-section-header-new--column">
            <!-- ONLY RENDER HEADINGS DIV IF HEADLINE || SUBLINE-->
            <div class="c-section-header-new__headings">
                <h4 class="c-section-header-new__headline">Luxurious Travel Sets on Special Offer – 15% Off with the Code TRAVEL15</h4>
                <p class="c-section-header-new__subline u-fs-l">Travel Sets</p>
                </div>
            <a href="/en/global/skin-care/travel-sizes-care-sets/care-sets/c/cat_2053/" class="c-section-header-new__link" title="Care Sets" >Care Sets</a></header>

        <div class="js-track-product-carousel"
             data-track
             data-track-view
             data-track-type="product-carousel"
             data-track-payload>
            <script type="application/json" class="js-track-payload">
                {"list_name": "comp_000094RK", "position": "Default ContentStage for NEW HOMEPAGE"}
            </script>
            <div class="c-carousel js-product-slider"
                 data-slides-to-show="4.15"
                 data-slides-to-scroll="4"
                 data-slides-to-show-tablet="3.15"
                 data-slides-to-scroll-tablet="3"
                 data-slides-to-show-mobile="2.15"
                 data-slides-to-scroll-mobile="2"
                 data-slides-to-show-mobile-s="1.5"
                 data-slides-to-scroll-mobile-s="1">
                <div class="c-carousel__slide">
                        <div class="c-product-card js-wishlist-anchor" itemprop="item" itemscope itemtype="https://schema.org/Product">
    <div class="u-position-relative">
            <!-- In other contexts, just show the wishlist heart -->
        





<div class="c-product-card__wishlist">
    <div class="c-product-preview__wishlist js-wishlist js-wishlist-icon">

        

        <button class="c-button c-button--icon-only c-button--inverted js-wishlist-icon-not-added js-add-product-to-wishlist
        " hx-post="/en/global/wishlist/add/000000000001115264" hx-swap="none">
            <svg class="c-button__icon">
                <use xlink:href="/_ui/20250325002051/responsive/theme-gh/icons/sprite.svg#heart-light"></use>
            </svg>
        </button>

        

        <button class="c-button c-button--icon-only c-button--inverted js-wishlist-icon-added js-remove-product-from-wishlist
            u-hidden" hx-post="/en/global/wishlist/remove/000000000001115264" hx-swap="none">
            <svg class="c-button__icon">
                <use xlink:href="/_ui/20250325002051/responsive/theme-gh/icons/sprite.svg#heart-solid"></use>
            </svg>
        </button>
    </div>
</div>
</div>
    <a href="/en/global/sensai/sensai-multiline-face-care-set/p/000000000001115264/"
       title="Sensai Multiline Face Care Set"
       class="c-product-card__link js-article-link js-wishlist-tracking "
       itemprop="url"
       data-track-id="000000000001115264"
       data-track-title="comp_000094RK"
       data-track-price="90.8"
       data-track-currency="EUR"
       data-track-view
       data-track-click="/en/global/sensai/sensai-multiline-face-care-set/p/000000000001115264/"
       data-track-type="product"
       data-track
    >
        <script type="application/json" class="js-wishlist-payload">
            

{
"name": "Sensai Multiline Face Care Set",
"id": "1115264",
"price": "90.8",
"brand": "Sensai",
"category": "Skin Care",
"variant": "",
"metric1": "",
"dimension1": "",
"dimension2": "",
"dimension3": "travel exclusive"
}
</script>
    </a>

    <div class="c-product-card__media-wrapper">
        <picture class="c-product-card__media">
            <img class="c-product-card__image" src="/medias/300Wx300H-null?context=bWFzdGVyfGltYWdlc3wyNDA3MXxpbWFnZS9qcGVnfGFEWmlMMmhtTUM4eE1UQTFPVE00TWprM05qVTBNaTh6TURCWGVETXdNRWhmYm5Wc2JBfDQxYWVlYzA4YzViMDEwNWUzZjA5NWMxZTc4MGFjYTQ2ZjMyMTIzMDA1MjIzYjAxOGMzNTg2YzVmMjZkZDhhZjU&v=1724797058355" alt="" width="300"
                 height="400" itemprop="image">
        </picture>

        <!--RIBBONS-->
        <ul class="c-product-card__ribbons">
    <li>
            








    
    
        <span class="c-ribbon c-ribbon--edition">
                Travel Edition
        </span>
    

</li>
    </ul>
</div>


    <!--HEADER-->
    <div class="c-product-card__header">
        <h2 class="c-product-card__headline" itemprop="name">Sensai Multiline Face Care Set</h2>
        <h3 class="c-product-card__subline">Sensai</h3>
        </div>

    <!--PRICEBOX-->
    <div class="c-product-card__price" itemprop="offers" itemscope itemtype="https://schema.org/Offer">
    <div class="c-price-box">
        <p class="c-price " itemprop="price" content="90.8">
            <span>from</span>
            €90.80</p>
        <p class="c-price-box__info" itemprop="priceCurrency" content="EUR">
            </p>
    </div>
</div>
<!--VARIANTS-->
    <!--VARIANTS-->
</div>

</div>
                <div class="c-carousel__slide">
                        <div class="c-product-card js-wishlist-anchor" itemprop="item" itemscope itemtype="https://schema.org/Product">
    <div class="u-position-relative">
            <!-- In other contexts, just show the wishlist heart -->
        





<div class="c-product-card__wishlist">
    <div class="c-product-preview__wishlist js-wishlist js-wishlist-icon">

        

        <button class="c-button c-button--icon-only c-button--inverted js-wishlist-icon-not-added js-add-product-to-wishlist
        " hx-post="/en/global/wishlist/add/000000000001596880" hx-swap="none">
            <svg class="c-button__icon">
                <use xlink:href="/_ui/20250325002051/responsive/theme-gh/icons/sprite.svg#heart-light"></use>
            </svg>
        </button>

        

        <button class="c-button c-button--icon-only c-button--inverted js-wishlist-icon-added js-remove-product-from-wishlist
            u-hidden" hx-post="/en/global/wishlist/remove/000000000001596880" hx-swap="none">
            <svg class="c-button__icon">
                <use xlink:href="/_ui/20250325002051/responsive/theme-gh/icons/sprite.svg#heart-solid"></use>
            </svg>
        </button>
    </div>
</div>
</div>
    <a href="/en/global/babor/babor-doctor-babor-face-care-set/p/000000000001596880/"
       title="Babor Doctor Babor Face Care Set"
       class="c-product-card__link js-article-link js-wishlist-tracking "
       itemprop="url"
       data-track-id="000000000001596880"
       data-track-title="comp_000094RK"
       data-track-price="84.99"
       data-track-currency="EUR"
       data-track-view
       data-track-click="/en/global/babor/babor-doctor-babor-face-care-set/p/000000000001596880/"
       data-track-type="product"
       data-track
    >
        <script type="application/json" class="js-wishlist-payload">
            

{
"name": "Babor Doctor Babor Face Care Set",
"id": "1596880",
"price": "84.99",
"brand": "Babor",
"category": "Skin Care",
"variant": "",
"metric1": "",
"dimension1": "",
"dimension2": "",
"dimension3": "travel exclusive"
}
</script>
    </a>

    <div class="c-product-card__media-wrapper">
        <picture class="c-product-card__media">
            <img class="c-product-card__image" src="/medias/300Wx300H-null?context=bWFzdGVyfGltYWdlc3wyMDUxOXxpbWFnZS9qcGVnfGFHRmlMMmhpT1M4NU9EQTBPVFkwTlRZd09USTJMek13TUZkNE16QXdTRjl1ZFd4c3w4ZDgzMDM5MGNjYTY5MzVjZWIyOTljNjRjN2MwYjhiZGZjNzQzZGM0YjgyZGQ4MTg2MDIwZWZkMWMyYzJhZmY4&v=1692219912485" alt="" width="300"
                 height="400" itemprop="image">
        </picture>

        <!--RIBBONS-->
        <ul class="c-product-card__ribbons">
    <li>
            








    
    
        <span class="c-ribbon c-ribbon--edition">
                Travel Edition
        </span>
    

</li>
    </ul>
</div>


    <!--HEADER-->
    <div class="c-product-card__header">
        <h2 class="c-product-card__headline" itemprop="name">Babor Doctor Babor Face Care Set</h2>
        <h3 class="c-product-card__subline">Babor</h3>
        </div>

    <!--PRICEBOX-->
    <div class="c-product-card__price" itemprop="offers" itemscope itemtype="https://schema.org/Offer">
    <div class="c-price-box">
        <p class="c-price " itemprop="price" content="84.99">
            <span>from</span>
            €84.99</p>
        <p class="c-price-box__info" itemprop="priceCurrency" content="EUR">
            </p>
    </div>
</div>
<!--VARIANTS-->
    <!--VARIANTS-->
</div>

</div>
                <div class="c-carousel__slide">
                        <div class="c-product-card js-wishlist-anchor" itemprop="item" itemscope itemtype="https://schema.org/Product">
    <div class="u-position-relative">
            <!-- In other contexts, just show the wishlist heart -->
        





<div class="c-product-card__wishlist">
    <div class="c-product-preview__wishlist js-wishlist js-wishlist-icon">

        

        <button class="c-button c-button--icon-only c-button--inverted js-wishlist-icon-not-added js-add-product-to-wishlist
        " hx-post="/en/global/wishlist/add/000000000000448539" hx-swap="none">
            <svg class="c-button__icon">
                <use xlink:href="/_ui/20250325002051/responsive/theme-gh/icons/sprite.svg#heart-light"></use>
            </svg>
        </button>

        

        <button class="c-button c-button--icon-only c-button--inverted js-wishlist-icon-added js-remove-product-from-wishlist
            u-hidden" hx-post="/en/global/wishlist/remove/000000000000448539" hx-swap="none">
            <svg class="c-button__icon">
                <use xlink:href="/_ui/20250325002051/responsive/theme-gh/icons/sprite.svg#heart-solid"></use>
            </svg>
        </button>
    </div>
</div>
</div>
    <a href="/en/global/biotherm/biotherm-homme-day-control-deodorant-roll-on-trio/p/000000000000448539/"
       title="Biotherm Homme Day Control Deodorant Roll-on Trio"
       class="c-product-card__link js-article-link js-wishlist-tracking "
       itemprop="url"
       data-track-id="000000000000448539"
       data-track-title="comp_000094RK"
       data-track-price="52.99"
       data-track-currency="EUR"
       data-track-view
       data-track-click="/en/global/biotherm/biotherm-homme-day-control-deodorant-roll-on-trio/p/000000000000448539/"
       data-track-type="product"
       data-track
    >
        <script type="application/json" class="js-wishlist-payload">
            

{
"name": "Biotherm Homme Day Control Deodorant Roll-on Trio",
"id": "448539",
"price": "52.99",
"brand": "Biotherm",
"category": "Skin Care",
"variant": "",
"metric1": "",
"dimension1": "",
"dimension2": "",
"dimension3": "travel exclusive"
}
</script>
    </a>

    <div class="c-product-card__media-wrapper">
        <picture class="c-product-card__media">
            <img class="c-product-card__image" src="/medias/300Wx300H-null?context=bWFzdGVyfGltYWdlc3wyNDYzMnxpbWFnZS9qcGVnfGFEVTBMMmd5WlM4eE1Ua3dPVEEzTXpJM01qZzJNaTh6TURCWGVETXdNRWhmYm5Wc2JBfDViNzVhNjExY2UyZWJhNmQ1MzJjZDQ2MzM0YjBmOGY3YWIyYWJhZjQ5NjYxMjE1ZDZkZDU0ZmE1ODYxY2I3ODk&v=1742335385108" alt="" width="300"
                 height="400" itemprop="image">
        </picture>

        <!--RIBBONS-->
        <ul class="c-product-card__ribbons">
    <li>
            








    
    
        <span class="c-ribbon c-ribbon--edition">
                Travel Edition
        </span>
    

</li>
    </ul>
</div>


    <!--HEADER-->
    <div class="c-product-card__header">
        <h2 class="c-product-card__headline" itemprop="name">Biotherm Homme Day Control Deodorant Roll-on Trio</h2>
        <h3 class="c-product-card__subline">Biotherm</h3>
        </div>

    <!--PRICEBOX-->
    <div class="c-product-card__price" itemprop="offers" itemscope itemtype="https://schema.org/Offer">
    <div class="c-price-box">
        <p class="c-price " itemprop="price" content="52.99">
            <span>from</span>
            €52.99</p>
        <p class="c-price-box__info" itemprop="priceCurrency" content="EUR">
            </p>
    </div>
</div>
<!--VARIANTS-->
    <!--VARIANTS-->
</div>

</div>
                <div class="c-carousel__slide">
                        <div class="c-product-card js-wishlist-anchor" itemprop="item" itemscope itemtype="https://schema.org/Product">
    <div class="u-position-relative">
            <!-- In other contexts, just show the wishlist heart -->
        





<div class="c-product-card__wishlist">
    <div class="c-product-preview__wishlist js-wishlist js-wishlist-icon">

        

        <button class="c-button c-button--icon-only c-button--inverted js-wishlist-icon-not-added js-add-product-to-wishlist
        " hx-post="/en/global/wishlist/add/000000000001627319" hx-swap="none">
            <svg class="c-button__icon">
                <use xlink:href="/_ui/20250325002051/responsive/theme-gh/icons/sprite.svg#heart-light"></use>
            </svg>
        </button>

        

        <button class="c-button c-button--icon-only c-button--inverted js-wishlist-icon-added js-remove-product-from-wishlist
            u-hidden" hx-post="/en/global/wishlist/remove/000000000001627319" hx-swap="none">
            <svg class="c-button__icon">
                <use xlink:href="/_ui/20250325002051/responsive/theme-gh/icons/sprite.svg#heart-solid"></use>
            </svg>
        </button>
    </div>
</div>
</div>
    <a href="/en/global/babor/babor-skincare-set-face/p/000000000001627319/"
       title="Babor Skincare Set Face"
       class="c-product-card__link js-article-link js-wishlist-tracking "
       itemprop="url"
       data-track-id="000000000001627319"
       data-track-title="comp_000094RK"
       data-track-price="39.9"
       data-track-currency="EUR"
       data-track-view
       data-track-click="/en/global/babor/babor-skincare-set-face/p/000000000001627319/"
       data-track-type="product"
       data-track
    >
        <script type="application/json" class="js-wishlist-payload">
            

{
"name": "Babor Skincare Set Face",
"id": "1627319",
"price": "39.9",
"brand": "Babor",
"category": "Skin Care",
"variant": "",
"metric1": "",
"dimension1": "",
"dimension2": "",
"dimension3": "travel exclusive_everyday low price"
}
</script>
    </a>

    <div class="c-product-card__media-wrapper">
        <picture class="c-product-card__media">
            <img class="c-product-card__image" src="/medias/300Wx300H-null?context=bWFzdGVyfGltYWdlc3wyNTIxM3xpbWFnZS9qcGVnfGFEaGpMMmcwTmk4eE1UUTROak00TlRjd01EZzVOQzh6TURCWGVETXdNRWhmYm5Wc2JBfDQ4Yjc5MDhiMzMwYTZkZTNiYmJhNzFiOTI0MmE5MDQxZTgxZGJlZjZlNDMzYWQyOGMzYjAzZDQ5YTZkMzJhMmQ&v=1733618668487" alt="" width="300"
                 height="400" itemprop="image">
        </picture>

        <!--RIBBONS-->
        <ul class="c-product-card__ribbons">
    <li>
            








    
    
        <span class="c-ribbon c-ribbon--special">
                Everyday Low Price
        </span>
    

</li>
    <li>
            








    
    
        <span class="c-ribbon c-ribbon--edition">
                Travel Edition
        </span>
    

</li>
    </ul>
</div>


    <!--HEADER-->
    <div class="c-product-card__header">
        <h2 class="c-product-card__headline" itemprop="name">Babor Skincare Set Face</h2>
        <h3 class="c-product-card__subline">Babor</h3>
        </div>

    <!--PRICEBOX-->
    <div class="c-product-card__price" itemprop="offers" itemscope itemtype="https://schema.org/Offer">
    <div class="c-price-box">
        <p class="c-price " itemprop="price" content="39.9">
            €39.90</p>
        <p class="c-price-box__info" itemprop="priceCurrency" content="EUR">
            </p>
    </div>
</div>
<!--VARIANTS-->
    <!--VARIANTS-->
</div>

</div>
                <div class="c-carousel__slide">
                        <div class="c-product-card js-wishlist-anchor" itemprop="item" itemscope itemtype="https://schema.org/Product">
    <div class="u-position-relative">
            <!-- In other contexts, just show the wishlist heart -->
        





<div class="c-product-card__wishlist">
    <div class="c-product-preview__wishlist js-wishlist js-wishlist-icon">

        

        <button class="c-button c-button--icon-only c-button--inverted js-wishlist-icon-not-added js-add-product-to-wishlist
        " hx-post="/en/global/wishlist/add/000000000001619982" hx-swap="none">
            <svg class="c-button__icon">
                <use xlink:href="/_ui/20250325002051/responsive/theme-gh/icons/sprite.svg#heart-light"></use>
            </svg>
        </button>

        

        <button class="c-button c-button--icon-only c-button--inverted js-wishlist-icon-added js-remove-product-from-wishlist
            u-hidden" hx-post="/en/global/wishlist/remove/000000000001619982" hx-swap="none">
            <svg class="c-button__icon">
                <use xlink:href="/_ui/20250325002051/responsive/theme-gh/icons/sprite.svg#heart-solid"></use>
            </svg>
        </button>
    </div>
</div>
</div>
    <a href="/en/global/boss/boss-mixed-lines-coffret/p/000000000001619982/"
       title="Boss Mixed Lines Coffret"
       class="c-product-card__link js-article-link js-wishlist-tracking "
       itemprop="url"
       data-track-id="000000000001619982"
       data-track-title="comp_000094RK"
       data-track-price="54.9"
       data-track-currency="EUR"
       data-track-view
       data-track-click="/en/global/boss/boss-mixed-lines-coffret/p/000000000001619982/"
       data-track-type="product"
       data-track
    >
        <script type="application/json" class="js-wishlist-payload">
            

{
"name": "Boss Mixed Lines Coffret",
"id": "1619982",
"price": "54.9",
"brand": "Boss",
"category": "Fragrance",
"variant": "",
"metric1": "",
"dimension1": "",
"dimension2": "",
"dimension3": "travel exclusive"
}
</script>
    </a>

    <div class="c-product-card__media-wrapper">
        <picture class="c-product-card__media">
            <img class="c-product-card__image" src="/medias/300Wx300H-null?context=bWFzdGVyfGltYWdlc3wyMjkxNnxpbWFnZS9qcGVnfGFERm1MMmd6Tnk4eE1UWXhOekk1TmpZeE16UXdOaTh6TURCWGVETXdNRWhmYm5Wc2JBfGEzMDA0MGZhMDk1NzUxMDM4YjMwMDFmYzRmYmUxNDJhNWQ2YTg5YWQyM2QzZmEyZDdlNTE2NzNmZjgzMDkzN2U&v=1736458175626" alt="" width="300"
                 height="400" itemprop="image">
        </picture>

        <!--RIBBONS-->
        <ul class="c-product-card__ribbons">
    <li>
            








    
    
        <span class="c-ribbon c-ribbon--edition">
                Travel Edition
        </span>
    

</li>
    </ul>
</div>


    <!--HEADER-->
    <div class="c-product-card__header">
        <h2 class="c-product-card__headline" itemprop="name">Boss Mixed Lines Coffret</h2>
        <h3 class="c-product-card__subline">Boss</h3>
        </div>

    <!--PRICEBOX-->
    <div class="c-product-card__price" itemprop="offers" itemscope itemtype="https://schema.org/Offer">
    <div class="c-price-box">
        <p class="c-price " itemprop="price" content="54.9">
            <span>from</span>
            €54.90</p>
        <p class="c-price-box__info" itemprop="priceCurrency" content="EUR">
            </p>
    </div>
</div>
<!--VARIANTS-->
    <!--VARIANTS-->
</div>

</div>
                <div class="c-carousel__slide">
                        <div class="c-product-card js-wishlist-anchor" itemprop="item" itemscope itemtype="https://schema.org/Product">
    <div class="u-position-relative">
            <!-- In other contexts, just show the wishlist heart -->
        





<div class="c-product-card__wishlist">
    <div class="c-product-preview__wishlist js-wishlist js-wishlist-icon">

        

        <button class="c-button c-button--icon-only c-button--inverted js-wishlist-icon-not-added js-add-product-to-wishlist
        " hx-post="/en/global/wishlist/add/000000000001623636" hx-swap="none">
            <svg class="c-button__icon">
                <use xlink:href="/_ui/20250325002051/responsive/theme-gh/icons/sprite.svg#heart-light"></use>
            </svg>
        </button>

        

        <button class="c-button c-button--icon-only c-button--inverted js-wishlist-icon-added js-remove-product-from-wishlist
            u-hidden" hx-post="/en/global/wishlist/remove/000000000001623636" hx-swap="none">
            <svg class="c-button__icon">
                <use xlink:href="/_ui/20250325002051/responsive/theme-gh/icons/sprite.svg#heart-solid"></use>
            </svg>
        </button>
    </div>
</div>
</div>
    <a href="/en/global/clarins/clarins-multi-active-facial-care-set/p/000000000001623636/"
       title="Clarins Multi Active Facial Care Set"
       class="c-product-card__link js-article-link js-wishlist-tracking "
       itemprop="url"
       data-track-id="000000000001623636"
       data-track-title="comp_000094RK"
       data-track-price="114.9"
       data-track-currency="EUR"
       data-track-view
       data-track-click="/en/global/clarins/clarins-multi-active-facial-care-set/p/000000000001623636/"
       data-track-type="product"
       data-track
    >
        <script type="application/json" class="js-wishlist-payload">
            

{
"name": "Clarins Multi Active Facial Care Set",
"id": "1623636",
"price": "114.9",
"brand": "Clarins",
"category": "Skin Care",
"variant": "",
"metric1": "",
"dimension1": "",
"dimension2": "",
"dimension3": "travel exclusive"
}
</script>
    </a>

    <div class="c-product-card__media-wrapper">
        <picture class="c-product-card__media">
            <img class="c-product-card__image" src="/medias/300Wx300H-null?context=bWFzdGVyfGltYWdlc3wyNTA1NHxpbWFnZS9qcGVnfGFEZ3hMMmd3WXk4eE1UY3lOakE0TURnMk9ETTRNaTh6TURCWGVETXdNRWhmYm5Wc2JBfDliZDA2ZjgzYjJiZDg3MjA1ODk2YTk1Y2I0ZDAwMjZkMTg0NDBhZmY2NDg0ZDJhN2Q2OTRhYjIxOWIwNDNkMjU&v=1738707263482" alt="" width="300"
                 height="400" itemprop="image">
        </picture>

        <!--RIBBONS-->
        <ul class="c-product-card__ribbons">
    <li>
            








    
    
        <span class="c-ribbon c-ribbon--edition">
                Travel Edition
        </span>
    

</li>
    </ul>
</div>


    <!--HEADER-->
    <div class="c-product-card__header">
        <h2 class="c-product-card__headline" itemprop="name">Clarins Multi Active Facial Care Set</h2>
        <h3 class="c-product-card__subline">Clarins</h3>
        </div>

    <!--PRICEBOX-->
    <div class="c-product-card__price" itemprop="offers" itemscope itemtype="https://schema.org/Offer">
    <div class="c-price-box">
        <p class="c-price " itemprop="price" content="114.9">
            <span>from</span>
            €114.90</p>
        <p class="c-price-box__info" itemprop="priceCurrency" content="EUR">
            </p>
    </div>
</div>
<!--VARIANTS-->
    <!--VARIANTS-->
</div>

</div>
                <div class="c-carousel__slide">
                        <div class="c-product-card js-wishlist-anchor" itemprop="item" itemscope itemtype="https://schema.org/Product">
    <div class="u-position-relative">
            <!-- In other contexts, just show the wishlist heart -->
        





<div class="c-product-card__wishlist">
    <div class="c-product-preview__wishlist js-wishlist js-wishlist-icon">

        

        <button class="c-button c-button--icon-only c-button--inverted js-wishlist-icon-not-added js-add-product-to-wishlist
        " hx-post="/en/global/wishlist/add/000000000001651049" hx-swap="none">
            <svg class="c-button__icon">
                <use xlink:href="/_ui/20250325002051/responsive/theme-gh/icons/sprite.svg#heart-light"></use>
            </svg>
        </button>

        

        <button class="c-button c-button--icon-only c-button--inverted js-wishlist-icon-added js-remove-product-from-wishlist
            u-hidden" hx-post="/en/global/wishlist/remove/000000000001651049" hx-swap="none">
            <svg class="c-button__icon">
                <use xlink:href="/_ui/20250325002051/responsive/theme-gh/icons/sprite.svg#heart-solid"></use>
            </svg>
        </button>
    </div>
</div>
</div>
    <a href="/en/global/la-mer/la-mer-mixed-lines-face-care-set/p/000000000001651049/"
       title="La Mer Mixed Lines Face Care Set"
       class="c-product-card__link js-article-link js-wishlist-tracking "
       itemprop="url"
       data-track-id="000000000001651049"
       data-track-title="comp_000094RK"
       data-track-price="154.9"
       data-track-currency="EUR"
       data-track-view
       data-track-click="/en/global/la-mer/la-mer-mixed-lines-face-care-set/p/000000000001651049/"
       data-track-type="product"
       data-track
    >
        <script type="application/json" class="js-wishlist-payload">
            

{
"name": "La Mer Mixed Lines Face Care Set",
"id": "1651049",
"price": "154.9",
"brand": "La Mer",
"category": "Skin Care",
"variant": "",
"metric1": "",
"dimension1": "",
"dimension2": "",
"dimension3": "travel exclusive"
}
</script>
    </a>

    <div class="c-product-card__media-wrapper">
        <picture class="c-product-card__media">
            <img class="c-product-card__image" src="/medias/300Wx300H-null?context=bWFzdGVyfGltYWdlc3wyOTI1NXxpbWFnZS9qcGVnfGFETXpMMmd5TUM4eE1UQXlOekE1TkRZd01UYzFPQzh6TURCWGVETXdNRWhmYm5Wc2JBfGIyYmEzOTg4YWI0N2JhZTkyZTI2ZTQ0M2M0YzdjMTljMmYyMzQ4ZTM3NmNjNWUwNGY1NTRjMTFhNzkwNzFlNjY&v=1724099271561" alt="" width="300"
                 height="400" itemprop="image">
        </picture>

        <!--RIBBONS-->
        <ul class="c-product-card__ribbons">
    <li>
            








    
    
        <span class="c-ribbon c-ribbon--edition">
                Travel Edition
        </span>
    

</li>
    </ul>
</div>


    <!--HEADER-->
    <div class="c-product-card__header">
        <h2 class="c-product-card__headline" itemprop="name">La Mer Mixed Lines Face Care Set</h2>
        <h3 class="c-product-card__subline">La Mer</h3>
        </div>

    <!--PRICEBOX-->
    <div class="c-product-card__price" itemprop="offers" itemscope itemtype="https://schema.org/Offer">
    <div class="c-price-box">
        <p class="c-price " itemprop="price" content="154.9">
            €154.90</p>
        <p class="c-price-box__info" itemprop="priceCurrency" content="EUR">
            </p>
    </div>
</div>
<!--VARIANTS-->
    <!--VARIANTS-->
</div>

</div>
                <div class="c-carousel__slide">
                        <div class="c-product-card js-wishlist-anchor" itemprop="item" itemscope itemtype="https://schema.org/Product">
    <div class="u-position-relative">
            <!-- In other contexts, just show the wishlist heart -->
        





<div class="c-product-card__wishlist">
    <div class="c-product-preview__wishlist js-wishlist js-wishlist-icon">

        

        <button class="c-button c-button--icon-only c-button--inverted js-wishlist-icon-not-added js-add-product-to-wishlist
        " hx-post="/en/global/wishlist/add/000000000001359549" hx-swap="none">
            <svg class="c-button__icon">
                <use xlink:href="/_ui/20250325002051/responsive/theme-gh/icons/sprite.svg#heart-light"></use>
            </svg>
        </button>

        

        <button class="c-button c-button--icon-only c-button--inverted js-wishlist-icon-added js-remove-product-from-wishlist
            u-hidden" hx-post="/en/global/wishlist/remove/000000000001359549" hx-swap="none">
            <svg class="c-button__icon">
                <use xlink:href="/_ui/20250325002051/responsive/theme-gh/icons/sprite.svg#heart-solid"></use>
            </svg>
        </button>
    </div>
</div>
</div>
    <a href="/en/global/estee-lauder/estee-lauder-resilience-multi-effect-3-to-travel-set-update-face-care-set/p/000000000001359549/"
       title="Estee Lauder Resilience Multi-Effect 3 To Travel Set Update Face Care Set"
       class="c-product-card__link js-article-link js-wishlist-tracking "
       itemprop="url"
       data-track-id="000000000001359549"
       data-track-title="comp_000094RK"
       data-track-price="309.9"
       data-track-currency="EUR"
       data-track-view
       data-track-click="/en/global/estee-lauder/estee-lauder-resilience-multi-effect-3-to-travel-set-update-face-care-set/p/000000000001359549/"
       data-track-type="product"
       data-track
    >
        <script type="application/json" class="js-wishlist-payload">
            

{
"name": "Estee Lauder Resilience Multi-Effect 3 To Travel Set Update Face Care Set",
"id": "1359549",
"price": "309.9",
"brand": "Est\u00E9e Lauder",
"category": "Skin Care",
"variant": "",
"metric1": "",
"dimension1": "",
"dimension2": "",
"dimension3": "travel exclusive"
}
</script>
    </a>

    <div class="c-product-card__media-wrapper">
        <picture class="c-product-card__media">
            <img class="c-product-card__image" src="/medias/300Wx300H-null?context=bWFzdGVyfGltYWdlc3wzNjkyMHxpbWFnZS9qcGVnfGFHWTRMMmcyWWk4eE1UQTFPVGswTkRnNE1qSXdOaTh6TURCWGVETXdNRWhmYm5Wc2JBfDM1NDcxYjNiY2RhYTNmZmRhODM3ZjA5M2NiMGZkNjY3ZTNiOTUyNzdiNTU2MmJiOTFkOTE2MDZhMjMzYjAxOGM&v=1724810900616" alt="" width="300"
                 height="400" itemprop="image">
        </picture>

        <!--RIBBONS-->
        <ul class="c-product-card__ribbons">
    <li>
            








    
    
        <span class="c-ribbon c-ribbon--edition">
                Travel Edition
        </span>
    

</li>
    </ul>
</div>


    <!--HEADER-->
    <div class="c-product-card__header">
        <h2 class="c-product-card__headline" itemprop="name">Estee Lauder Resilience Multi-Effect 3 To Travel Set Update Face Care Set</h2>
        <h3 class="c-product-card__subline">Estée Lauder</h3>
        </div>

    <!--PRICEBOX-->
    <div class="c-product-card__price" itemprop="offers" itemscope itemtype="https://schema.org/Offer">
    <div class="c-price-box">
        <p class="c-price " itemprop="price" content="309.9">
            <span>from</span>
            €309.90</p>
        <p class="c-price-box__info" itemprop="priceCurrency" content="EUR">
            </p>
    </div>
</div>
<!--VARIANTS-->
    <!--VARIANTS-->
</div>

</div>
                <div class="c-carousel__slide">
                        <div class="c-product-card js-wishlist-anchor" itemprop="item" itemscope itemtype="https://schema.org/Product">
    <div class="u-position-relative">
            <!-- In other contexts, just show the wishlist heart -->
        





<div class="c-product-card__wishlist">
    <div class="c-product-preview__wishlist js-wishlist js-wishlist-icon">

        

        <button class="c-button c-button--icon-only c-button--inverted js-wishlist-icon-not-added js-add-product-to-wishlist
        " hx-post="/en/global/wishlist/add/000000000001672518" hx-swap="none">
            <svg class="c-button__icon">
                <use xlink:href="/_ui/20250325002051/responsive/theme-gh/icons/sprite.svg#heart-light"></use>
            </svg>
        </button>

        

        <button class="c-button c-button--icon-only c-button--inverted js-wishlist-icon-added js-remove-product-from-wishlist
            u-hidden" hx-post="/en/global/wishlist/remove/000000000001672518" hx-swap="none">
            <svg class="c-button__icon">
                <use xlink:href="/_ui/20250325002051/responsive/theme-gh/icons/sprite.svg#heart-solid"></use>
            </svg>
        </button>
    </div>
</div>
</div>
    <a href="/en/global/gucci/gucci-mixed-lines-set/p/000000000001672518/"
       title="Gucci Mixed Lines Set"
       class="c-product-card__link js-article-link js-wishlist-tracking "
       itemprop="url"
       data-track-id="000000000001672518"
       data-track-title="comp_000094RK"
       data-track-price="109.9"
       data-track-currency="EUR"
       data-track-view
       data-track-click="/en/global/gucci/gucci-mixed-lines-set/p/000000000001672518/"
       data-track-type="product"
       data-track
    >
        <script type="application/json" class="js-wishlist-payload">
            

{
"name": "Gucci Mixed Lines Set",
"id": "1672518",
"price": "109.9",
"brand": "Gucci",
"category": "Fragrance",
"variant": "",
"metric1": "",
"dimension1": "",
"dimension2": "",
"dimension3": ""
}
</script>
    </a>

    <div class="c-product-card__media-wrapper">
        <picture class="c-product-card__media">
            <img class="c-product-card__image" src="/medias/300Wx300H-null?context=bWFzdGVyfGltYWdlc3wyNjg3N3xpbWFnZS9qcGVnfGFHWmtMMmhpWlM4eE1UWXdORFk1T0RNd01EUTBOaTh6TURCWGVETXdNRWhmYm5Wc2JBfGMwNGE1MGZkZDdhNGQ0ODNiNGZmNjg5ZmUxYmJkZWRlOWRmNDVhOGQ3ZDhiNzA5MTEzZjVlNDMxNmRhZmU3NWQ&v=1736197986704" alt="" width="300"
                 height="400" itemprop="image">
        </picture>

        <!--RIBBONS-->
        <ul class="c-product-card__ribbons">
    </ul>
</div>


    <!--HEADER-->
    <div class="c-product-card__header">
        <h2 class="c-product-card__headline" itemprop="name">Gucci Mixed Lines Set</h2>
        <h3 class="c-product-card__subline">Gucci</h3>
        </div>

    <!--PRICEBOX-->
    <div class="c-product-card__price" itemprop="offers" itemscope itemtype="https://schema.org/Offer">
    <div class="c-price-box">
        <p class="c-price " itemprop="price" content="109.9">
            <span>from</span>
            €109.90</p>
        <p class="c-price-box__info" itemprop="priceCurrency" content="EUR">
            </p>
    </div>
</div>
<!--VARIANTS-->
    <!--VARIANTS-->
</div>

</div>
                <div class="c-carousel__slide">
                        <div class="c-product-card js-wishlist-anchor" itemprop="item" itemscope itemtype="https://schema.org/Product">
    <div class="u-position-relative">
            <!-- In other contexts, just show the wishlist heart -->
        





<div class="c-product-card__wishlist">
    <div class="c-product-preview__wishlist js-wishlist js-wishlist-icon">

        

        <button class="c-button c-button--icon-only c-button--inverted js-wishlist-icon-not-added js-add-product-to-wishlist
        " hx-post="/en/global/wishlist/add/000000000001253557" hx-swap="none">
            <svg class="c-button__icon">
                <use xlink:href="/_ui/20250325002051/responsive/theme-gh/icons/sprite.svg#heart-light"></use>
            </svg>
        </button>

        

        <button class="c-button c-button--icon-only c-button--inverted js-wishlist-icon-added js-remove-product-from-wishlist
            u-hidden" hx-post="/en/global/wishlist/remove/000000000001253557" hx-swap="none">
            <svg class="c-button__icon">
                <use xlink:href="/_ui/20250325002051/responsive/theme-gh/icons/sprite.svg#heart-solid"></use>
            </svg>
        </button>
    </div>
</div>
</div>
    <a href="/en/global/elizabeth-arden/elizabeth-arden-advanced-ceramide-capsules-replenish-restore-for-face-trio/p/000000000001253557/"
       title="Elizabeth Arden Advanced Ceramide Capsules Replenish & Restore for Face Trio"
       class="c-product-card__link js-article-link js-wishlist-tracking "
       itemprop="url"
       data-track-id="000000000001253557"
       data-track-title="comp_000094RK"
       data-track-price="89.9"
       data-track-currency="EUR"
       data-track-view
       data-track-click="/en/global/elizabeth-arden/elizabeth-arden-advanced-ceramide-capsules-replenish-restore-for-face-trio/p/000000000001253557/"
       data-track-type="product"
       data-track
    >
        <script type="application/json" class="js-wishlist-payload">
            

{
"name": "Elizabeth Arden Advanced Ceramide Capsules Replenish & Restore for Face Trio",
"id": "1253557",
"price": "89.9",
"brand": "Elizabeth Arden",
"category": "Skin Care",
"variant": "",
"metric1": "",
"dimension1": "",
"dimension2": "",
"dimension3": "travel exclusive"
}
</script>
    </a>

    <div class="c-product-card__media-wrapper">
        <picture class="c-product-card__media">
            <img class="c-product-card__image" src="/medias/300Wx300H-null?context=bWFzdGVyfGltYWdlc3wzNjE3MXxpbWFnZS9qcGVnfGFEVTJMMmc1WkM4NU56ZzNOemt6TkRBNE1ETXdMek13TUZkNE16QXdTRjl1ZFd4c3xlMmNhNDk2Mjg3ODYxOGVkNDhjODYyMjc3YjZjYzkwMDc0M2IwYmU5NjYwMDNkYzgzNDY1NjZiYTEzMDk4NzQx&v=1689357930437" alt="" width="300"
                 height="400" itemprop="image">
        </picture>

        <!--RIBBONS-->
        <ul class="c-product-card__ribbons">
    <li>
            








    
    
        <span class="c-ribbon c-ribbon--edition">
                Travel Edition
        </span>
    

</li>
    </ul>
</div>


    <!--HEADER-->
    <div class="c-product-card__header">
        <h2 class="c-product-card__headline" itemprop="name">Elizabeth Arden Advanced Ceramide Capsules Replenish & Restore for Face Trio</h2>
        <h3 class="c-product-card__subline">Elizabeth Arden</h3>
        </div>

    <!--PRICEBOX-->
    <div class="c-product-card__price" itemprop="offers" itemscope itemtype="https://schema.org/Offer">
    <div class="c-price-box">
        <p class="c-price " itemprop="price" content="89.9">
            <span>from</span>
            €89.90</p>
        <p class="c-price-box__info" itemprop="priceCurrency" content="EUR">
            </p>
    </div>
</div>
<!--VARIANTS-->
    <!--VARIANTS-->
</div>

</div>
                <div class="c-carousel__slide">
                        <div class="c-product-card js-wishlist-anchor" itemprop="item" itemscope itemtype="https://schema.org/Product">
    <div class="u-position-relative">
            <!-- In other contexts, just show the wishlist heart -->
        





<div class="c-product-card__wishlist">
    <div class="c-product-preview__wishlist js-wishlist js-wishlist-icon">

        

        <button class="c-button c-button--icon-only c-button--inverted js-wishlist-icon-not-added js-add-product-to-wishlist
        " hx-post="/en/global/wishlist/add/000000000001517640" hx-swap="none">
            <svg class="c-button__icon">
                <use xlink:href="/_ui/20250325002051/responsive/theme-gh/icons/sprite.svg#heart-light"></use>
            </svg>
        </button>

        

        <button class="c-button c-button--icon-only c-button--inverted js-wishlist-icon-added js-remove-product-from-wishlist
            u-hidden" hx-post="/en/global/wishlist/remove/000000000001517640" hx-swap="none">
            <svg class="c-button__icon">
                <use xlink:href="/_ui/20250325002051/responsive/theme-gh/icons/sprite.svg#heart-solid"></use>
            </svg>
        </button>
    </div>
</div>
</div>
    <a href="/en/global/yves-saint-laurent/yves-saint-laurent-libre-set/p/000000000001517640/"
       title="Yves Saint Laurent Libre Set"
       class="c-product-card__link js-article-link js-wishlist-tracking "
       itemprop="url"
       data-track-id="000000000001517640"
       data-track-title="comp_000094RK"
       data-track-price="129.99"
       data-track-currency="EUR"
       data-track-view
       data-track-click="/en/global/yves-saint-laurent/yves-saint-laurent-libre-set/p/000000000001517640/"
       data-track-type="product"
       data-track
    >
        <script type="application/json" class="js-wishlist-payload">
            

{
"name": "Yves Saint Laurent Libre Set",
"id": "1517640",
"price": "129.99",
"brand": "Yves Saint Laurent",
"category": "Fragrance",
"variant": "",
"metric1": "",
"dimension1": "",
"dimension2": "",
"dimension3": "travel exclusive"
}
</script>
    </a>

    <div class="c-product-card__media-wrapper">
        <picture class="c-product-card__media">
            <img class="c-product-card__image" src="/medias/300Wx300H-null?context=bWFzdGVyfGltYWdlc3wyNDIzMHxpbWFnZS9qcGVnfGFHWmpMMmd3WkM4NU56ZzNNell5TnpNNE1qQTJMek13TUZkNE16QXdTRjl1ZFd4c3w5MzY2OWFlOTM3ZGM4NDVjZWYzYWU2NmIxY2YxZDA0MzY1ZTM3MjYxODlkZWFkY2I3NmY4NjZjZmRjODgwNWEz&v=1689313812586" alt="" width="300"
                 height="400" itemprop="image">
        </picture>

        <!--RIBBONS-->
        <ul class="c-product-card__ribbons">
    <li>
            








    
    
        <span class="c-ribbon c-ribbon--edition">
                Travel Edition
        </span>
    

</li>
    </ul>
</div>


    <!--HEADER-->
    <div class="c-product-card__header">
        <h2 class="c-product-card__headline" itemprop="name">Yves Saint Laurent Libre Set</h2>
        <h3 class="c-product-card__subline">Yves Saint Laurent</h3>
        </div>

    <!--PRICEBOX-->
    <div class="c-product-card__price" itemprop="offers" itemscope itemtype="https://schema.org/Offer">
    <div class="c-price-box">
        <p class="c-price " itemprop="price" content="129.99">
            <span>from</span>
            €129.99</p>
        <p class="c-price-box__info" itemprop="priceCurrency" content="EUR">
            </p>
    </div>
</div>
<!--VARIANTS-->
    <!--VARIANTS-->
</div>

</div>
                <div class="c-carousel__slide">
                        <div class="c-product-card js-wishlist-anchor" itemprop="item" itemscope itemtype="https://schema.org/Product">
    <div class="u-position-relative">
            <!-- In other contexts, just show the wishlist heart -->
        





<div class="c-product-card__wishlist">
    <div class="c-product-preview__wishlist js-wishlist js-wishlist-icon">

        

        <button class="c-button c-button--icon-only c-button--inverted js-wishlist-icon-not-added js-add-product-to-wishlist
        " hx-post="/en/global/wishlist/add/000000000001569263" hx-swap="none">
            <svg class="c-button__icon">
                <use xlink:href="/_ui/20250325002051/responsive/theme-gh/icons/sprite.svg#heart-light"></use>
            </svg>
        </button>

        

        <button class="c-button c-button--icon-only c-button--inverted js-wishlist-icon-added js-remove-product-from-wishlist
            u-hidden" hx-post="/en/global/wishlist/remove/000000000001569263" hx-swap="none">
            <svg class="c-button__icon">
                <use xlink:href="/_ui/20250325002051/responsive/theme-gh/icons/sprite.svg#heart-solid"></use>
            </svg>
        </button>
    </div>
</div>
</div>
    <a href="/en/global/lancome/lancome-renergie-multi-lift-face-care-set-lancome-renergie-multi-lift-face-care-set/p/000000000001569263/"
       title="Lancôme Renergie Multi-Lift Face Care Set Lancôme Renergie Multi-Lift Face Care Set"
       class="c-product-card__link js-article-link js-wishlist-tracking "
       itemprop="url"
       data-track-id="000000000001569263"
       data-track-title="comp_000094RK"
       data-track-price="219.9"
       data-track-currency="EUR"
       data-track-view
       data-track-click="/en/global/lancome/lancome-renergie-multi-lift-face-care-set-lancome-renergie-multi-lift-face-care-set/p/000000000001569263/"
       data-track-type="product"
       data-track
    >
        <script type="application/json" class="js-wishlist-payload">
            

{
"name": "Lanc\u00F4me Renergie Multi-Lift Face Care Set Lanc\u00F4me Renergie Multi-Lift Face Care Set",
"id": "1569263",
"price": "219.9",
"brand": "Lanc\u00F4me",
"category": "Skin Care",
"variant": "",
"metric1": "",
"dimension1": "",
"dimension2": "",
"dimension3": "travel exclusive"
}
</script>
    </a>

    <div class="c-product-card__media-wrapper">
        <picture class="c-product-card__media">
            <img class="c-product-card__image" src="/medias/300Wx300H-null?context=bWFzdGVyfGltYWdlc3wyNjQwNnxpbWFnZS9qcGVnfGFHVTBMMmd3Tmk4eE1UQTJOekkxTlRNMU56UTNNQzh6TURCWGVETXdNRWhmYm5Wc2JBfDBiYmY5ODdjOGI0NjJkYjZhN2Y2ZmM3MzAxMzY3M2FiNGM2NGJhNTdiYzMzZjVhMjY1OTdmZThjNmJhOGU4ZTY&v=1724868636721" alt="" width="300"
                 height="400" itemprop="image">
        </picture>

        <!--RIBBONS-->
        <ul class="c-product-card__ribbons">
    <li>
            








    
    
        <span class="c-ribbon c-ribbon--edition">
                Travel Edition
        </span>
    

</li>
    </ul>
</div>


    <!--HEADER-->
    <div class="c-product-card__header">
        <h2 class="c-product-card__headline" itemprop="name">Lancôme Renergie Multi-Lift Face Care Set Lancôme Renergie Multi-Lift Face Care Set</h2>
        <h3 class="c-product-card__subline">Lancôme</h3>
        </div>

    <!--PRICEBOX-->
    <div class="c-product-card__price" itemprop="offers" itemscope itemtype="https://schema.org/Offer">
    <div class="c-price-box">
        <p class="c-price " itemprop="price" content="219.9">
            <span>from</span>
            €219.90</p>
        <p class="c-price-box__info" itemprop="priceCurrency" content="EUR">
            </p>
    </div>
</div>
<!--VARIANTS-->
    <!--VARIANTS-->
</div>

</div>
                <div class="c-carousel__slide">
                        <div class="c-product-card js-wishlist-anchor" itemprop="item" itemscope itemtype="https://schema.org/Product">
    <div class="u-position-relative">
            <!-- In other contexts, just show the wishlist heart -->
        





<div class="c-product-card__wishlist">
    <div class="c-product-preview__wishlist js-wishlist js-wishlist-icon">

        

        <button class="c-button c-button--icon-only c-button--inverted js-wishlist-icon-not-added js-add-product-to-wishlist
        " hx-post="/en/global/wishlist/add/000000000001646579" hx-swap="none">
            <svg class="c-button__icon">
                <use xlink:href="/_ui/20250325002051/responsive/theme-gh/icons/sprite.svg#heart-light"></use>
            </svg>
        </button>

        

        <button class="c-button c-button--icon-only c-button--inverted js-wishlist-icon-added js-remove-product-from-wishlist
            u-hidden" hx-post="/en/global/wishlist/remove/000000000001646579" hx-swap="none">
            <svg class="c-button__icon">
                <use xlink:href="/_ui/20250325002051/responsive/theme-gh/icons/sprite.svg#heart-solid"></use>
            </svg>
        </button>
    </div>
</div>
</div>
    <a href="/en/global/chloe/chloe-nomade-set/p/000000000001646579/"
       title="Chloe Nomade Set"
       class="c-product-card__link js-article-link js-wishlist-tracking "
       itemprop="url"
       data-track-id="000000000001646579"
       data-track-title="comp_000094RK"
       data-track-price="92.9"
       data-track-currency="EUR"
       data-track-view
       data-track-click="/en/global/chloe/chloe-nomade-set/p/000000000001646579/"
       data-track-type="product"
       data-track
    >
        <script type="application/json" class="js-wishlist-payload">
            

{
"name": "Chloe Nomade Set",
"id": "1646579",
"price": "92.9",
"brand": "Chlo\u00E9",
"category": "Fragrance",
"variant": "",
"metric1": "",
"dimension1": "",
"dimension2": "",
"dimension3": ""
}
</script>
    </a>

    <div class="c-product-card__media-wrapper">
        <picture class="c-product-card__media">
            <img class="c-product-card__image" src="/medias/300Wx300H-null?context=bWFzdGVyfGltYWdlc3wxNTg2MHxpbWFnZS9qcGVnfGFHSTVMMmd5TVM4eE1USTROVEl4TWpRNU5Ua3dNaTh6TURCWGVETXdNRWhmYm5Wc2JBfGZmNWNmOTFkODcwODIxMGEyY2IyZDYyMDVkYzQ0MDk2ZjMxZjQxNzRmNTU0ZTJkZTY3NDIzNzUxZjkwZThjZTM&v=1729310325925" alt="" width="300"
                 height="400" itemprop="image">
        </picture>

        <!--RIBBONS-->
        <ul class="c-product-card__ribbons">
    </ul>
</div>


    <!--HEADER-->
    <div class="c-product-card__header">
        <h2 class="c-product-card__headline" itemprop="name">Chloe Nomade Set</h2>
        <h3 class="c-product-card__subline">Chloé</h3>
        </div>

    <!--PRICEBOX-->
    <div class="c-product-card__price" itemprop="offers" itemscope itemtype="https://schema.org/Offer">
    <div class="c-price-box">
        <p class="c-price " itemprop="price" content="92.9">
            €92.90</p>
        <p class="c-price-box__info" itemprop="priceCurrency" content="EUR">
            </p>
    </div>
</div>
<!--VARIANTS-->
    <!--VARIANTS-->
</div>

</div>
                <div class="c-carousel__slide">
                        <div class="c-product-card js-wishlist-anchor" itemprop="item" itemscope itemtype="https://schema.org/Product">
    <div class="u-position-relative">
            <!-- In other contexts, just show the wishlist heart -->
        





<div class="c-product-card__wishlist">
    <div class="c-product-preview__wishlist js-wishlist js-wishlist-icon">

        

        <button class="c-button c-button--icon-only c-button--inverted js-wishlist-icon-not-added js-add-product-to-wishlist
        " hx-post="/en/global/wishlist/add/000000000001679731" hx-swap="none">
            <svg class="c-button__icon">
                <use xlink:href="/_ui/20250325002051/responsive/theme-gh/icons/sprite.svg#heart-light"></use>
            </svg>
        </button>

        

        <button class="c-button c-button--icon-only c-button--inverted js-wishlist-icon-added js-remove-product-from-wishlist
            u-hidden" hx-post="/en/global/wishlist/remove/000000000001679731" hx-swap="none">
            <svg class="c-button__icon">
                <use xlink:href="/_ui/20250325002051/responsive/theme-gh/icons/sprite.svg#heart-solid"></use>
            </svg>
        </button>
    </div>
</div>
</div>
    <a href="/en/global/clinique/clinique-mixed-lines-facial-care-set/p/000000000001679731/"
       title="Clinique Mixed Lines Facial Care Set"
       class="c-product-card__link js-article-link js-wishlist-tracking "
       itemprop="url"
       data-track-id="000000000001679731"
       data-track-title="comp_000094RK"
       data-track-price="57.99"
       data-track-currency="EUR"
       data-track-view
       data-track-click="/en/global/clinique/clinique-mixed-lines-facial-care-set/p/000000000001679731/"
       data-track-type="product"
       data-track
    >
        <script type="application/json" class="js-wishlist-payload">
            

{
"name": "Clinique Mixed Lines Facial Care Set",
"id": "1679731",
"price": "57.99",
"brand": "Clinique",
"category": "Skin Care",
"variant": "",
"metric1": "",
"dimension1": "",
"dimension2": "",
"dimension3": "Heinemann exclusive"
}
</script>
    </a>

    <div class="c-product-card__media-wrapper">
        <picture class="c-product-card__media">
            <img class="c-product-card__image" src="/medias/300Wx300H-null?context=bWFzdGVyfGltYWdlc3wzNDcyM3xpbWFnZS9qcGVnfGFEYzNMMmc0TVM4eE1UVTRNRFl4TnpZMU5ETXdNaTh6TURCWGVETXdNRWhmYm5Wc2JBfDMyOWU5ZjM2ZmM2ZTA5NjZkYWY0MTRlZWJjNWI5MzgyN2E2MGExNWVkYjIyZDBlY2I4NTIxOThhOGMxZDA0YmM&v=1735680168909" alt="" width="300"
                 height="400" itemprop="image">
        </picture>

        <!--RIBBONS-->
        <ul class="c-product-card__ribbons">
    <li>
            








    
    
        <span class="c-ribbon c-ribbon--edition">
                Heinemann Edition
        </span>
    

</li>
    </ul>
</div>


    <!--HEADER-->
    <div class="c-product-card__header">
        <h2 class="c-product-card__headline" itemprop="name">Clinique Mixed Lines Facial Care Set</h2>
        <h3 class="c-product-card__subline">Clinique</h3>
        </div>

    <!--PRICEBOX-->
    <div class="c-product-card__price" itemprop="offers" itemscope itemtype="https://schema.org/Offer">
    <div class="c-price-box">
        <p class="c-price " itemprop="price" content="57.99">
            <span>from</span>
            €57.99</p>
        <p class="c-price-box__info" itemprop="priceCurrency" content="EUR">
            </p>
    </div>
</div>
<!--VARIANTS-->
    <!--VARIANTS-->
</div>

</div>
                </div>
        </div>
    </div>
</section><section class="yCmsComponent mdc-layout-grid__cell mdc-layout-grid__cell--span-12">
<div class="c-section u-padding-right-none" style="background-color: #f5f5f5">
        <header class="c-section-header-new c-section-header-new--column">
            <!-- ONLY RENDER HEADINGS DIV IF HEADLINE || SUBLINE-->
            <div class="c-section-header-new__headings">
                <h4 class="c-section-header-new__headline">Exclusive Wine Offer: Buy 6 Bottles, Pay for Only 5!</h4>
                <p class="c-section-header-new__subline u-fs-l">White and Rosé Wines</p>
                </div>
            <a href="/en/global/promotions/multi-buy/buy-6-bottles-of-a-wine-and-save-up-to-20vol/c/cat_11026/" class="c-section-header-new__link" title="Wine Multibuy" >Wine Multibuy</a></header>

        <div class="js-track-product-carousel"
             data-track
             data-track-view
             data-track-type="product-carousel"
             data-track-payload>
            <script type="application/json" class="js-track-payload">
                {"list_name": "comp_000094RL", "position": "Default ContentStage for NEW HOMEPAGE"}
            </script>
            <div class="c-carousel js-product-slider"
                 data-slides-to-show="4.15"
                 data-slides-to-scroll="4"
                 data-slides-to-show-tablet="3.15"
                 data-slides-to-scroll-tablet="3"
                 data-slides-to-show-mobile="2.15"
                 data-slides-to-scroll-mobile="2"
                 data-slides-to-show-mobile-s="1.5"
                 data-slides-to-scroll-mobile-s="1">
                <div class="c-carousel__slide">
                        <div class="c-product-card js-wishlist-anchor" itemprop="item" itemscope itemtype="https://schema.org/Product">
    <div class="u-position-relative">
            <!-- In other contexts, just show the wishlist heart -->
        





<div class="c-product-card__wishlist">
    <div class="c-product-preview__wishlist js-wishlist js-wishlist-icon">

        

        <button class="c-button c-button--icon-only c-button--inverted js-wishlist-icon-not-added js-add-product-to-wishlist
        " hx-post="/en/global/wishlist/add/000000000001037596" hx-swap="none">
            <svg class="c-button__icon">
                <use xlink:href="/_ui/20250325002051/responsive/theme-gh/icons/sprite.svg#heart-light"></use>
            </svg>
        </button>

        

        <button class="c-button c-button--icon-only c-button--inverted js-wishlist-icon-added js-remove-product-from-wishlist
            u-hidden" hx-post="/en/global/wishlist/remove/000000000001037596" hx-swap="none">
            <svg class="c-button__icon">
                <use xlink:href="/_ui/20250325002051/responsive/theme-gh/icons/sprite.svg#heart-solid"></use>
            </svg>
        </button>
    </div>
</div>
</div>
    <a href="/en/global/miraval/miraval-cotes-de-provence-aoc-dry-rose-0-75l-miraval-cotes-de-provence-aoc-dry-rose-0-75l/p/000000000001037596/"
       title="Miraval, Côtes de Provence, AOC, dry, rosé 0.75L Miraval, Côtes de Provence, AOC, dry, rosé 0.75L"
       class="c-product-card__link js-article-link js-wishlist-tracking "
       itemprop="url"
       data-track-id="000000000001037596"
       data-track-title="comp_000094RL"
       data-track-price="21.9"
       data-track-currency="EUR"
       data-track-view
       data-track-click="/en/global/miraval/miraval-cotes-de-provence-aoc-dry-rose-0-75l-miraval-cotes-de-provence-aoc-dry-rose-0-75l/p/000000000001037596/"
       data-track-type="product"
       data-track
    >
        <script type="application/json" class="js-wishlist-payload">
            

{
"name": "Miraval, C\u00F4tes de Provence, AOC, dry, ros\u00E9 0.75L Miraval, C\u00F4tes de Provence, AOC, dry, ros\u00E9 0.75L",
"id": "1037596",
"price": "21.9",
"brand": "Miraval",
"category": "Wine",
"variant": "",
"metric1": "",
"dimension1": "",
"dimension2": "",
"dimension3": ""
}
</script>
    </a>

    <div class="c-product-card__media-wrapper">
        <picture class="c-product-card__media">
            <img class="c-product-card__image" src="/medias/300Wx300H-null?context=bWFzdGVyfGltYWdlc3wzMDAwN3xpbWFnZS9qcGVnfGFEUmxMMmhtWlM4NU56VTJNek01TmpZMk9UYzBMek13TUZkNE16QXdTRjl1ZFd4c3wwYTBiMThjYmQyMmNkZWM2MjllZmU4NDc1MGQxYTYwM2RmYmY4OWVhYTg2YTlmZTNlM2U4Nzg4MDFkZjdkZjEx&v=1681764200860" alt="" width="300"
                 height="400" itemprop="image">
        </picture>

        <!--RIBBONS-->
        <ul class="c-product-card__ribbons">
    <li>
            








    
    
        <span class="c-ribbon c-ribbon--special">
                Multibuy
        </span>
    

</li>
    </ul>
</div>


    <!--HEADER-->
    <div class="c-product-card__header">
        <h2 class="c-product-card__headline" itemprop="name">Miraval, Côtes de Provence, AOC, dry, rosé 0.75L Miraval, Côtes de Provence, AOC, dry, rosé 0.75L</h2>
        <h3 class="c-product-card__subline">Miraval</h3>
        </div>

    <!--PRICEBOX-->
    <div class="c-product-card__price" itemprop="offers" itemscope itemtype="https://schema.org/Offer">
    <div class="c-price-box">
        <p class="c-price " itemprop="price" content="21.9">
            <span>from</span>
            €21.90</p>
        <p class="c-price-box__reference">(€29.20 / 1 l)</p>
        <p class="c-price-box__info" itemprop="priceCurrency" content="EUR">
            The reduced price is valid until<strong>
        31/05/25</strong>
</p>
    </div>
</div>
<!--VARIANTS-->
    <!--VARIANTS-->
</div>

</div>
                <div class="c-carousel__slide">
                        <div class="c-product-card js-wishlist-anchor" itemprop="item" itemscope itemtype="https://schema.org/Product">
    <div class="u-position-relative">
            <!-- In other contexts, just show the wishlist heart -->
        





<div class="c-product-card__wishlist">
    <div class="c-product-preview__wishlist js-wishlist js-wishlist-icon">

        

        <button class="c-button c-button--icon-only c-button--inverted js-wishlist-icon-not-added js-add-product-to-wishlist
        " hx-post="/en/global/wishlist/add/000000000001015412" hx-swap="none">
            <svg class="c-button__icon">
                <use xlink:href="/_ui/20250325002051/responsive/theme-gh/icons/sprite.svg#heart-light"></use>
            </svg>
        </button>

        

        <button class="c-button c-button--icon-only c-button--inverted js-wishlist-icon-added js-remove-product-from-wishlist
            u-hidden" hx-post="/en/global/wishlist/remove/000000000001015412" hx-swap="none">
            <svg class="c-button__icon">
                <use xlink:href="/_ui/20250325002051/responsive/theme-gh/icons/sprite.svg#heart-solid"></use>
            </svg>
        </button>
    </div>
</div>
</div>
    <a href="/en/global/matua/matua-lands-legends-sauvignon-blanc-marlborough-dry-white-screw-cap-0-75l/p/000000000001015412/"
       title="Matua, Lands & Legends, Sauvignon Blanc, Marlborough, dry, white (screw cap) 0.75L"
       class="c-product-card__link js-article-link js-wishlist-tracking "
       itemprop="url"
       data-track-id="000000000001015412"
       data-track-title="comp_000094RL"
       data-track-price="15.9"
       data-track-currency="EUR"
       data-track-view
       data-track-click="/en/global/matua/matua-lands-legends-sauvignon-blanc-marlborough-dry-white-screw-cap-0-75l/p/000000000001015412/"
       data-track-type="product"
       data-track
    >
        <script type="application/json" class="js-wishlist-payload">
            

{
"name": "Matua, Lands & Legends, Sauvignon Blanc, Marlborough, dry, white (screw cap) 0.75L",
"id": "1015412",
"price": "15.9",
"brand": "Matua",
"category": "Wine",
"variant": "",
"metric1": "",
"dimension1": "",
"dimension2": "",
"dimension3": ""
}
</script>
    </a>

    <div class="c-product-card__media-wrapper">
        <picture class="c-product-card__media">
            <img class="c-product-card__image" src="/medias/300Wx300H-null?context=bWFzdGVyfGltYWdlc3wyMzAxNXxpbWFnZS9qcGVnfGFHSTRMMmd5WVM4eE1UYzRNalU1TURNMk5UY3lOaTh6TURCWGVETXdNRWhmYm5Wc2JBfDJhNDliZWQ1NzBiZGRiZGFhNDgzMGM0ZDRmNGI3NThjMDFmNWNiYWRlNjY0YjVmYzY0OTZhNjdmNWMyMGQ3MTI&v=1739830686194" alt="" width="300"
                 height="400" itemprop="image">
        </picture>

        <!--RIBBONS-->
        <ul class="c-product-card__ribbons">
    <li>
            








    
    
        <span class="c-ribbon c-ribbon--special">
                Multibuy
        </span>
    

</li>
    </ul>
</div>


    <!--HEADER-->
    <div class="c-product-card__header">
        <h2 class="c-product-card__headline" itemprop="name">Matua, Lands & Legends, Sauvignon Blanc, Marlborough, dry, white (screw cap) 0.75L</h2>
        <h3 class="c-product-card__subline">Matua</h3>
        </div>

    <!--PRICEBOX-->
    <div class="c-product-card__price" itemprop="offers" itemscope itemtype="https://schema.org/Offer">
    <div class="c-price-box">
        <p class="c-price " itemprop="price" content="15.9">
            <span>from</span>
            €15.90</p>
        <p class="c-price-box__reference">(€21.20 / 1 l)</p>
        <p class="c-price-box__info" itemprop="priceCurrency" content="EUR">
            The reduced price is valid until<strong>
        31/05/25</strong>
</p>
    </div>
</div>
<!--VARIANTS-->
    <!--VARIANTS-->
</div>

</div>
                <div class="c-carousel__slide">
                        <div class="c-product-card js-wishlist-anchor" itemprop="item" itemscope itemtype="https://schema.org/Product">
    <div class="u-position-relative">
            <!-- In other contexts, just show the wishlist heart -->
        





<div class="c-product-card__wishlist">
    <div class="c-product-preview__wishlist js-wishlist js-wishlist-icon">

        

        <button class="c-button c-button--icon-only c-button--inverted js-wishlist-icon-not-added js-add-product-to-wishlist
        " hx-post="/en/global/wishlist/add/000000000001387679" hx-swap="none">
            <svg class="c-button__icon">
                <use xlink:href="/_ui/20250325002051/responsive/theme-gh/icons/sprite.svg#heart-light"></use>
            </svg>
        </button>

        

        <button class="c-button c-button--icon-only c-button--inverted js-wishlist-icon-added js-remove-product-from-wishlist
            u-hidden" hx-post="/en/global/wishlist/remove/000000000001387679" hx-swap="none">
            <svg class="c-button__icon">
                <use xlink:href="/_ui/20250325002051/responsive/theme-gh/icons/sprite.svg#heart-solid"></use>
            </svg>
        </button>
    </div>
</div>
</div>
    <a href="/en/global/gerard-bertrand/gerard-bertrand-hampton-water-languedoc-aop-dry-rose-glas-closure-0-75l/p/000000000001387679/"
       title="Gérard Bertrand, Hampton Water, Languedoc, AOP, dry, rosé (glas closure) 0.75L"
       class="c-product-card__link js-article-link js-wishlist-tracking "
       itemprop="url"
       data-track-id="000000000001387679"
       data-track-title="comp_000094RL"
       data-track-price="16.9"
       data-track-currency="EUR"
       data-track-view
       data-track-click="/en/global/gerard-bertrand/gerard-bertrand-hampton-water-languedoc-aop-dry-rose-glas-closure-0-75l/p/000000000001387679/"
       data-track-type="product"
       data-track
    >
        <script type="application/json" class="js-wishlist-payload">
            

{
"name": "G\u00E9rard Bertrand, Hampton Water, Languedoc, AOP, dry, ros\u00E9 (glas closure) 0.75L",
"id": "1387679",
"price": "16.9",
"brand": "G\u00E9rard Bertrand",
"category": "Wine",
"variant": "",
"metric1": "",
"dimension1": "",
"dimension2": "",
"dimension3": ""
}
</script>
    </a>

    <div class="c-product-card__media-wrapper">
        <picture class="c-product-card__media">
            <img class="c-product-card__image" src="/medias/300Wx300H-null?context=bWFzdGVyfGltYWdlc3wyNDAxMHxpbWFnZS9qcGVnfGFERTRMMmcyT1M4NU9ERXlPVEk0TURNMk9EazBMek13TUZkNE16QXdTRjl1ZFd4c3wwYjkwMjlkNDllM2MyMjM2MzZkZmZmZDAyZDJjNmI2ZTY3M2RjZWZkNDMwOWQ0MjYzZDdhZDgzYmYwNzZjMDU0&v=1693600352497" alt="" width="300"
                 height="400" itemprop="image">
        </picture>

        <!--RIBBONS-->
        <ul class="c-product-card__ribbons">
    <li>
            








    
    
        <span class="c-ribbon c-ribbon--special">
                Multibuy
        </span>
    

</li>
    </ul>
</div>


    <!--HEADER-->
    <div class="c-product-card__header">
        <h2 class="c-product-card__headline" itemprop="name">Gérard Bertrand, Hampton Water, Languedoc, AOP, dry, rosé (glas closure) 0.75L</h2>
        <h3 class="c-product-card__subline">Gérard Bertrand</h3>
        </div>

    <!--PRICEBOX-->
    <div class="c-product-card__price" itemprop="offers" itemscope itemtype="https://schema.org/Offer">
    <div class="c-price-box">
        <p class="c-price " itemprop="price" content="16.9">
            <span>from</span>
            €16.90</p>
        <p class="c-price-box__reference">(€22.53 / 1 l)</p>
        <p class="c-price-box__info" itemprop="priceCurrency" content="EUR">
            The reduced price is valid until<strong>
        31/05/25</strong>
</p>
    </div>
</div>
<!--VARIANTS-->
    <!--VARIANTS-->
</div>

</div>
                <div class="c-carousel__slide">
                        <div class="c-product-card js-wishlist-anchor" itemprop="item" itemscope itemtype="https://schema.org/Product">
    <div class="u-position-relative">
            <!-- In other contexts, just show the wishlist heart -->
        





<div class="c-product-card__wishlist">
    <div class="c-product-preview__wishlist js-wishlist js-wishlist-icon">

        

        <button class="c-button c-button--icon-only c-button--inverted js-wishlist-icon-not-added js-add-product-to-wishlist
        " hx-post="/en/global/wishlist/add/000000000001024028" hx-swap="none">
            <svg class="c-button__icon">
                <use xlink:href="/_ui/20250325002051/responsive/theme-gh/icons/sprite.svg#heart-light"></use>
            </svg>
        </button>

        

        <button class="c-button c-button--icon-only c-button--inverted js-wishlist-icon-added js-remove-product-from-wishlist
            u-hidden" hx-post="/en/global/wishlist/remove/000000000001024028" hx-swap="none">
            <svg class="c-button__icon">
                <use xlink:href="/_ui/20250325002051/responsive/theme-gh/icons/sprite.svg#heart-solid"></use>
            </svg>
        </button>
    </div>
</div>
</div>
    <a href="/en/global/william-fevre/william-fevre-chablis-premier-cru-vaillons-aoc-dry-white-0-75l/p/000000000001024028/"
       title="William Fèvre, Chablis Premier Cru, Vaillons, AOC, dry, white, 0.75L"
       class="c-product-card__link js-article-link js-wishlist-tracking "
       itemprop="url"
       data-track-id="000000000001024028"
       data-track-title="comp_000094RL"
       data-track-price="39.9"
       data-track-currency="EUR"
       data-track-view
       data-track-click="/en/global/william-fevre/william-fevre-chablis-premier-cru-vaillons-aoc-dry-white-0-75l/p/000000000001024028/"
       data-track-type="product"
       data-track
    >
        <script type="application/json" class="js-wishlist-payload">
            

{
"name": "William F\u00E8vre, Chablis Premier Cru, Vaillons, AOC, dry, white, 0.75L",
"id": "1024028",
"price": "39.9",
"brand": "William F\u00E8vre",
"category": "Wine",
"variant": "",
"metric1": "",
"dimension1": "",
"dimension2": "",
"dimension3": ""
}
</script>
    </a>

    <div class="c-product-card__media-wrapper">
        <picture class="c-product-card__media">
            <img class="c-product-card__image" src="/medias/300Wx300H-null?context=bWFzdGVyfGltYWdlc3wyNDAzMnxpbWFnZS9qcGVnfGFEVTRMMmd5WXk4eE1UY3pOVEV5TVRJek1Ua3dNaTh6TURCWGVETXdNRWhmYm5Wc2JBfGRlZDQ3MTg0ZGI3ZTk1ZTVmOGM3Y2I5NTZhOTVmYzQ3YTVlNDI4MDkxMmM4NGMwMWUxMzQ0NDdjMzkzOTE2YTE&v=1738880893875" alt="" width="300"
                 height="400" itemprop="image">
        </picture>

        <!--RIBBONS-->
        <ul class="c-product-card__ribbons">
    <li>
            








    
    
        <span class="c-ribbon c-ribbon--special">
                Multibuy
        </span>
    

</li>
    </ul>
</div>


    <!--HEADER-->
    <div class="c-product-card__header">
        <h2 class="c-product-card__headline" itemprop="name">William Fèvre, Chablis Premier Cru, Vaillons, AOC, dry, white, 0.75L</h2>
        <h3 class="c-product-card__subline">William Fèvre</h3>
        </div>

    <!--PRICEBOX-->
    <div class="c-product-card__price" itemprop="offers" itemscope itemtype="https://schema.org/Offer">
    <div class="c-price-box">
        <p class="c-price " itemprop="price" content="39.9">
            €39.90</p>
        <p class="c-price-box__reference">(€53.20 / 1 l)</p>
        <p class="c-price-box__info" itemprop="priceCurrency" content="EUR">
            The reduced price is valid until<strong>
        31/05/25</strong>
</p>
    </div>
</div>
<!--VARIANTS-->
    <!--VARIANTS-->
</div>

</div>
                <div class="c-carousel__slide">
                        <div class="c-product-card js-wishlist-anchor" itemprop="item" itemscope itemtype="https://schema.org/Product">
    <div class="u-position-relative">
            <!-- In other contexts, just show the wishlist heart -->
        





<div class="c-product-card__wishlist">
    <div class="c-product-preview__wishlist js-wishlist js-wishlist-icon">

        

        <button class="c-button c-button--icon-only c-button--inverted js-wishlist-icon-not-added js-add-product-to-wishlist
        " hx-post="/en/global/wishlist/add/000000000000250069" hx-swap="none">
            <svg class="c-button__icon">
                <use xlink:href="/_ui/20250325002051/responsive/theme-gh/icons/sprite.svg#heart-light"></use>
            </svg>
        </button>

        

        <button class="c-button c-button--icon-only c-button--inverted js-wishlist-icon-added js-remove-product-from-wishlist
            u-hidden" hx-post="/en/global/wishlist/remove/000000000000250069" hx-swap="none">
            <svg class="c-button__icon">
                <use xlink:href="/_ui/20250325002051/responsive/theme-gh/icons/sprite.svg#heart-solid"></use>
            </svg>
        </button>
    </div>
</div>
</div>
    <a href="/en/global/louis-jadot/louis-jadot-les-deux-versants-pouilly-fuisse-aoc-dry-white-0-75l/p/000000000000250069/"
       title="Louis Jadot, Les Deux Versants, Pouilly-Fuissé, AOC, dry, white 0.75L"
       class="c-product-card__link js-article-link js-wishlist-tracking "
       itemprop="url"
       data-track-id="000000000000250069"
       data-track-title="comp_000094RL"
       data-track-price="43.9"
       data-track-currency="EUR"
       data-track-view
       data-track-click="/en/global/louis-jadot/louis-jadot-les-deux-versants-pouilly-fuisse-aoc-dry-white-0-75l/p/000000000000250069/"
       data-track-type="product"
       data-track
    >
        <script type="application/json" class="js-wishlist-payload">
            

{
"name": "Louis Jadot, Les Deux Versants, Pouilly-Fuiss\u00E9, AOC, dry, white 0.75L",
"id": "250069",
"price": "43.9",
"brand": "Louis Jadot",
"category": "Wine",
"variant": "",
"metric1": "",
"dimension1": "",
"dimension2": "",
"dimension3": ""
}
</script>
    </a>

    <div class="c-product-card__media-wrapper">
        <picture class="c-product-card__media">
            <img class="c-product-card__image" src="/medias/300Wx300H-null?context=bWFzdGVyfGltYWdlc3wyNjMwMXxpbWFnZS9qcGVnfGFHUmtMMmd4TVM4NU9EQXdOekEwTnpJd09USTJMek13TUZkNE16QXdTRjl1ZFd4c3xhZmUyZDU4N2I3ZmUwNjI3MjNlNjY0MWJiMmNmMzU1NjAzZjQ1NThjYzIzNGJlM2I2MjY3ZTFkOTQwN2QwOGMy&v=1691443875412" alt="" width="300"
                 height="400" itemprop="image">
        </picture>

        <!--RIBBONS-->
        <ul class="c-product-card__ribbons">
    <li>
            








    
    
        <span class="c-ribbon c-ribbon--special">
                Multibuy
        </span>
    

</li>
    </ul>
</div>


    <!--HEADER-->
    <div class="c-product-card__header">
        <h2 class="c-product-card__headline" itemprop="name">Louis Jadot, Les Deux Versants, Pouilly-Fuissé, AOC, dry, white 0.75L</h2>
        <h3 class="c-product-card__subline">Louis Jadot</h3>
        </div>

    <!--PRICEBOX-->
    <div class="c-product-card__price" itemprop="offers" itemscope itemtype="https://schema.org/Offer">
    <div class="c-price-box">
        <p class="c-price " itemprop="price" content="43.9">
            <span>from</span>
            €43.90</p>
        <p class="c-price-box__reference">(€58.53 / 1 l)</p>
        <p class="c-price-box__info" itemprop="priceCurrency" content="EUR">
            The reduced price is valid until<strong>
        31/05/25</strong>
</p>
    </div>
</div>
<!--VARIANTS-->
    <!--VARIANTS-->
</div>

</div>
                <div class="c-carousel__slide">
                        <div class="c-product-card js-wishlist-anchor" itemprop="item" itemscope itemtype="https://schema.org/Product">
    <div class="u-position-relative">
            <!-- In other contexts, just show the wishlist heart -->
        





<div class="c-product-card__wishlist">
    <div class="c-product-preview__wishlist js-wishlist js-wishlist-icon">

        

        <button class="c-button c-button--icon-only c-button--inverted js-wishlist-icon-not-added js-add-product-to-wishlist
        " hx-post="/en/global/wishlist/add/000000000001387677" hx-swap="none">
            <svg class="c-button__icon">
                <use xlink:href="/_ui/20250325002051/responsive/theme-gh/icons/sprite.svg#heart-light"></use>
            </svg>
        </button>

        

        <button class="c-button c-button--icon-only c-button--inverted js-wishlist-icon-added js-remove-product-from-wishlist
            u-hidden" hx-post="/en/global/wishlist/remove/000000000001387677" hx-swap="none">
            <svg class="c-button__icon">
                <use xlink:href="/_ui/20250325002051/responsive/theme-gh/icons/sprite.svg#heart-solid"></use>
            </svg>
        </button>
    </div>
</div>
</div>
    <a href="/en/global/gerard-bertrand/gerard-bertrand-cote-des-roses-languedoc-aop-dry-rose-glas-closure-0-75l/p/000000000001387677/"
       title="Gérard Bertrand, Côte des Roses, Languedoc, AOP, dry, rosé (glas closure) 0.75L"
       class="c-product-card__link js-article-link js-wishlist-tracking "
       itemprop="url"
       data-track-id="000000000001387677"
       data-track-title="comp_000094RL"
       data-track-price="9.9"
       data-track-currency="EUR"
       data-track-view
       data-track-click="/en/global/gerard-bertrand/gerard-bertrand-cote-des-roses-languedoc-aop-dry-rose-glas-closure-0-75l/p/000000000001387677/"
       data-track-type="product"
       data-track
    >
        <script type="application/json" class="js-wishlist-payload">
            

{
"name": "G\u00E9rard Bertrand, C\u00F4te des Roses, Languedoc, AOP, dry, ros\u00E9 (glas closure) 0.75L",
"id": "1387677",
"price": "9.9",
"brand": "G\u00E9rard Bertrand",
"category": "Wine",
"variant": "",
"metric1": "",
"dimension1": "",
"dimension2": "",
"dimension3": ""
}
</script>
    </a>

    <div class="c-product-card__media-wrapper">
        <picture class="c-product-card__media">
            <img class="c-product-card__image" src="/medias/300Wx300H-null?context=bWFzdGVyfGltYWdlc3wyMzEzM3xpbWFnZS9qcGVnfGFHSTBMMmd3WlM4NU56UXhPRGMyTkRJNE9ETXdMek13TUZkNE16QXdTRjl1ZFd4c3xjMDM0NmNjOTk3MjFlOGJiZGRlYmVhZGUyYWQ2NTI0ZWUzNGZmZjU4MjYxNDQyYzFlOTY1NmU3YzBiMDNkNTJl&v=1677631254222" alt="" width="300"
                 height="400" itemprop="image">
        </picture>

        <!--RIBBONS-->
        <ul class="c-product-card__ribbons">
    <li>
            








    
    
        <span class="c-ribbon c-ribbon--special">
                Multibuy
        </span>
    

</li>
    </ul>
</div>


    <!--HEADER-->
    <div class="c-product-card__header">
        <h2 class="c-product-card__headline" itemprop="name">Gérard Bertrand, Côte des Roses, Languedoc, AOP, dry, rosé (glas closure) 0.75L</h2>
        <h3 class="c-product-card__subline">Gérard Bertrand</h3>
        </div>

    <!--PRICEBOX-->
    <div class="c-product-card__price" itemprop="offers" itemscope itemtype="https://schema.org/Offer">
    <div class="c-price-box">
        <p class="c-price " itemprop="price" content="9.9">
            €9.90</p>
        <p class="c-price-box__reference">(€13.20 / 1 l)</p>
        <p class="c-price-box__info" itemprop="priceCurrency" content="EUR">
            The reduced price is valid until<strong>
        31/05/25</strong>
</p>
    </div>
</div>
<!--VARIANTS-->
    <!--VARIANTS-->
</div>

</div>
                <div class="c-carousel__slide">
                        <div class="c-product-card js-wishlist-anchor" itemprop="item" itemscope itemtype="https://schema.org/Product">
    <div class="u-position-relative">
            <!-- In other contexts, just show the wishlist heart -->
        





<div class="c-product-card__wishlist">
    <div class="c-product-preview__wishlist js-wishlist js-wishlist-icon">

        

        <button class="c-button c-button--icon-only c-button--inverted js-wishlist-icon-not-added js-add-product-to-wishlist
        " hx-post="/en/global/wishlist/add/000000000001496646" hx-swap="none">
            <svg class="c-button__icon">
                <use xlink:href="/_ui/20250325002051/responsive/theme-gh/icons/sprite.svg#heart-light"></use>
            </svg>
        </button>

        

        <button class="c-button c-button--icon-only c-button--inverted js-wishlist-icon-added js-remove-product-from-wishlist
            u-hidden" hx-post="/en/global/wishlist/remove/000000000001496646" hx-swap="none">
            <svg class="c-button__icon">
                <use xlink:href="/_ui/20250325002051/responsive/theme-gh/icons/sprite.svg#heart-solid"></use>
            </svg>
        </button>
    </div>
</div>
</div>
    <a href="/en/global/torres/torres-natureo-0-0vol-spain-dry-white-0-75l/p/000000000001496646/"
       title="Torres, Natureo, 0.0%, Spain, dry, white 0.75L"
       class="c-product-card__link js-article-link js-wishlist-tracking "
       itemprop="url"
       data-track-id="000000000001496646"
       data-track-title="comp_000094RL"
       data-track-price="7.49"
       data-track-currency="EUR"
       data-track-view
       data-track-click="/en/global/torres/torres-natureo-0-0vol-spain-dry-white-0-75l/p/000000000001496646/"
       data-track-type="product"
       data-track
    >
        <script type="application/json" class="js-wishlist-payload">
            

{
"name": "Torres, Natureo, 0.0%, Spain, dry, white 0.75L",
"id": "1496646",
"price": "7.49",
"brand": "Torres",
"category": "Wine",
"variant": "",
"metric1": "",
"dimension1": "",
"dimension2": "",
"dimension3": ""
}
</script>
    </a>

    <div class="c-product-card__media-wrapper">
        <picture class="c-product-card__media">
            <img class="c-product-card__image" src="/medias/300Wx300H-null?context=bWFzdGVyfGltYWdlc3wyNjMzMHxpbWFnZS9qcGVnfGFERmlMMmhrTlM4eE1UUXpPVGsyT1RjMk16TTFPQzh6TURCWGVETXdNRWhmYm5Wc2JBfDA2ZmQzZmJlMGRkMWU3NWFkM2I2M2JmNzYzOGJjZTI2ZGRiNTBiM2I3ZTgzNWVlNGJiMDZlODAzZmFmZDJhY2E&v=1732571425922" alt="" width="300"
                 height="400" itemprop="image">
        </picture>

        <!--RIBBONS-->
        <ul class="c-product-card__ribbons">
    <li>
            








    
    
        <span class="c-ribbon c-ribbon--special">
                Multibuy
        </span>
    

</li>
    </ul>
</div>


    <!--HEADER-->
    <div class="c-product-card__header">
        <h2 class="c-product-card__headline" itemprop="name">Torres, Natureo, 0.0%, Spain, dry, white 0.75L</h2>
        <h3 class="c-product-card__subline">Torres</h3>
        </div>

    <!--PRICEBOX-->
    <div class="c-product-card__price" itemprop="offers" itemscope itemtype="https://schema.org/Offer">
    <div class="c-price-box">
        <p class="c-price " itemprop="price" content="7.49">
            <span>from</span>
            €7.49</p>
        <p class="c-price-box__reference">(€9.99 / 1 l)</p>
        <p class="c-price-box__info" itemprop="priceCurrency" content="EUR">
            The reduced price is valid until<strong>
        31/05/25</strong>
</p>
    </div>
</div>
<!--VARIANTS-->
    <!--VARIANTS-->
</div>

</div>
                <div class="c-carousel__slide">
                        <div class="c-product-card js-wishlist-anchor" itemprop="item" itemscope itemtype="https://schema.org/Product">
    <div class="u-position-relative">
            <!-- In other contexts, just show the wishlist heart -->
        





<div class="c-product-card__wishlist">
    <div class="c-product-preview__wishlist js-wishlist js-wishlist-icon">

        

        <button class="c-button c-button--icon-only c-button--inverted js-wishlist-icon-not-added js-add-product-to-wishlist
        " hx-post="/en/global/wishlist/add/000000000001378276" hx-swap="none">
            <svg class="c-button__icon">
                <use xlink:href="/_ui/20250325002051/responsive/theme-gh/icons/sprite.svg#heart-light"></use>
            </svg>
        </button>

        

        <button class="c-button c-button--icon-only c-button--inverted js-wishlist-icon-added js-remove-product-from-wishlist
            u-hidden" hx-post="/en/global/wishlist/remove/000000000001378276" hx-swap="none">
            <svg class="c-button__icon">
                <use xlink:href="/_ui/20250325002051/responsive/theme-gh/icons/sprite.svg#heart-solid"></use>
            </svg>
        </button>
    </div>
</div>
</div>
    <a href="/en/global/robert-weil/robert-weil-up-in-the-air-riesling-rheingau-qba-dry-white-0-75l/p/000000000001378276/"
       title="Robert Weil, Up in the Air,Riesling, Rheingau, QbA, dry, white 0.75L"
       class="c-product-card__link js-article-link js-wishlist-tracking "
       itemprop="url"
       data-track-id="000000000001378276"
       data-track-title="comp_000094RL"
       data-track-price="18.9"
       data-track-currency="EUR"
       data-track-view
       data-track-click="/en/global/robert-weil/robert-weil-up-in-the-air-riesling-rheingau-qba-dry-white-0-75l/p/000000000001378276/"
       data-track-type="product"
       data-track
    >
        <script type="application/json" class="js-wishlist-payload">
            

{
"name": "Robert Weil, Up in the Air,Riesling, Rheingau, QbA, dry, white 0.75L",
"id": "1378276",
"price": "18.9",
"brand": "Robert Weil",
"category": "Wine",
"variant": "",
"metric1": "",
"dimension1": "",
"dimension2": "",
"dimension3": "Heinemann exclusive_travel exclusive"
}
</script>
    </a>

    <div class="c-product-card__media-wrapper">
        <picture class="c-product-card__media">
            <img class="c-product-card__image" src="/medias/300Wx300H-null?context=bWFzdGVyfGltYWdlc3wyMzY5M3xpbWFnZS9qcGVnfGFEZzRMMmczTnk4eE1URXlNekkxTWpBMk9ETTRNaTh6TURCWGVETXdNRWhmYm5Wc2JBfDI0Y2U2ZjY4YWYxY2Y1NWNmYTIzOThhODcwZGI3Mjk1YmIyMzRmNDUyY2MzNzc3ZDM5ZTQwZmQwZGEwOGM4NDM&v=1726001810769" alt="" width="300"
                 height="400" itemprop="image">
        </picture>

        <!--RIBBONS-->
        <ul class="c-product-card__ribbons">
    <li>
            








    
    
        <span class="c-ribbon c-ribbon--special">
                Multibuy
        </span>
    

</li>
    <li>
            








    
    
        <span class="c-ribbon c-ribbon--edition">
                Travel Edition
        </span>
    

</li>
    </ul>
</div>


    <!--HEADER-->
    <div class="c-product-card__header">
        <h2 class="c-product-card__headline" itemprop="name">Robert Weil, Up in the Air,Riesling, Rheingau, QbA, dry, white 0.75L</h2>
        <h3 class="c-product-card__subline">Robert Weil</h3>
        </div>

    <!--PRICEBOX-->
    <div class="c-product-card__price" itemprop="offers" itemscope itemtype="https://schema.org/Offer">
    <div class="c-price-box">
        <p class="c-price " itemprop="price" content="18.9">
            <span>from</span>
            €18.90</p>
        <p class="c-price-box__reference">(€25.20 / 1 l)</p>
        <p class="c-price-box__info" itemprop="priceCurrency" content="EUR">
            The reduced price is valid until<strong>
        31/05/25</strong>
</p>
    </div>
</div>
<!--VARIANTS-->
    <!--VARIANTS-->
</div>

</div>
                </div>
        </div>
    </div>
</section><section class="yCmsComponent mdc-layout-grid__cell mdc-layout-grid__cell--span-12">
<div>
    <div
        data-track-view
        data-track-click=""
        data-track-type="banner"
        data-track>
    <script type="application/json" class="js-track-payload">
        {"id": "comp_000094RM", "name": "03-2025 New Home | L Teaser | Bestseller", "creative": "2025-01-16", "position": "Default ContentStage for NEW HOMEPAGE"}
    </script>
    <div class="c-teaser "
                
                    style="background-color: #f5f5f5"
                
        >
            <picture class="c-teaser__img-wrapper">
                <source srcset="/medias/03-2025-Bestseller-Teaser-L-Mobile-480x270.jpg?context=bWFzdGVyfGltYWdlc3w0NzQ2N3xpbWFnZS9qcGVnfGFERXdMMmhsT0M4eE1UYzROalF4TXpZd05EZzVOQzh3TXkweU1ESTFMVUpsYzNSelpXeHNaWEl0VkdWaGMyVnlMVXd0VFc5aWFXeGxMVFE0TUhneU56QXVhbkJufDgzOTllYjgyNjFlMWEwOTY1ZDkzNjM4MDZmNjkzN2I4MjJkZWJiYjc5MDYxM2E0NzlkZGI4OWExYzE5ZjcxODU&v=1740142777427" media="(max-width: 699px)">
                <img src="/_ui/20250325002051/responsive/theme-gh/images/filler.png" data-lazyload-src="/medias/03-2025-Bestseller-Teaser-L-Desktop-720x405.jpg?context=bWFzdGVyfGltYWdlc3wxMDQ5ODl8aW1hZ2UvanBlZ3xhREl4TDJobFlpOHhNVGM0TmpReE16VXpPVE0xT0M4d015MHlNREkxTFVKbGMzUnpaV3hzWlhJdFZHVmhjMlZ5TFV3dFJHVnphM1J2Y0MwM01qQjROREExTG1wd1p3fDE3NWU2NDRhNTk1ZTMyZGU1NjYwMjQ1ZjE3ZWEzOTZkYjg0MTA0MDRiZjQ4NWRhYTA3MTE5MWUzOTFjYTVkNmU&v=1740142777698"
                     data-lazyload-pending="true" alt="03-2025-Bestseller-Teaser-L-Desktop-720x405.jpg" title="Two hands forming a heart shape against a pink background, with the word "BESTSELLER" in bold on the left.">
            </picture>
            <div class="c-teaser__text-wrapper">
                <div>
                    <div class="c-teaser__headline-wrapper">
                        <h3 class="c-teaser__headline">Customer Favorites: Browse Our Best-Selling Collection</h3>
                        <h4 class="c-teaser__subline">Bestseller</h4>
                        </div>
                    </div>
            </div>
        </div>
        </div>
<div class="c-section u-padding-right-none" style="background-color: #f5f5f5">
        <header class="c-section-header-new c-section-header-new--column">
            <!-- ONLY RENDER HEADINGS DIV IF HEADLINE || SUBLINE-->
            <div class="c-section-header-new__headings">
                <h4 class="c-section-header-new__headline">From Accessories to Whisky</h4>
                </div>
            </header>

        <div class="js-track-product-carousel"
             data-track
             data-track-view
             data-track-type="product-carousel"
             data-track-payload>
            <script type="application/json" class="js-track-payload">
                {"list_name": "comp_000094RN", "position": "Default ContentStage for NEW HOMEPAGE"}
            </script>
            <div class="c-carousel js-product-slider"
                 data-slides-to-show="4.15"
                 data-slides-to-scroll="4"
                 data-slides-to-show-tablet="3.15"
                 data-slides-to-scroll-tablet="3"
                 data-slides-to-show-mobile="2.15"
                 data-slides-to-scroll-mobile="2"
                 data-slides-to-show-mobile-s="1.5"
                 data-slides-to-scroll-mobile-s="1">
                <div class="c-carousel__slide">
                        <div class="c-product-card js-wishlist-anchor" itemprop="item" itemscope itemtype="https://schema.org/Product">
    <div class="u-position-relative">
            <!-- In other contexts, just show the wishlist heart -->
        





<div class="c-product-card__wishlist">
    <div class="c-product-preview__wishlist js-wishlist js-wishlist-icon">

        

        <button class="c-button c-button--icon-only c-button--inverted js-wishlist-icon-not-added js-add-product-to-wishlist
        " hx-post="/en/global/wishlist/add/000000000001053799" hx-swap="none">
            <svg class="c-button__icon">
                <use xlink:href="/_ui/20250325002051/responsive/theme-gh/icons/sprite.svg#heart-light"></use>
            </svg>
        </button>

        

        <button class="c-button c-button--icon-only c-button--inverted js-wishlist-icon-added js-remove-product-from-wishlist
            u-hidden" hx-post="/en/global/wishlist/remove/000000000001053799" hx-swap="none">
            <svg class="c-button__icon">
                <use xlink:href="/_ui/20250325002051/responsive/theme-gh/icons/sprite.svg#heart-solid"></use>
            </svg>
        </button>
    </div>
</div>
</div>
    <a href="/en/global/dom-perignon/dom-perignon-0-75l-giftbox/p/000000000001053799/"
       title="Dom Pérignon 0.75L, Giftbox"
       class="c-product-card__link js-article-link js-wishlist-tracking "
       itemprop="url"
       data-track-id="000000000001053799"
       data-track-title="comp_000094RN"
       data-track-price="209.9"
       data-track-currency="EUR"
       data-track-view
       data-track-click="/en/global/dom-perignon/dom-perignon-0-75l-giftbox/p/000000000001053799/"
       data-track-type="product"
       data-track
    >
        <script type="application/json" class="js-wishlist-payload">
            

{
"name": "Dom P\u00E9rignon 0.75L, Giftbox",
"id": "1053799",
"price": "209.9",
"brand": "Dom P\u00E9rignon",
"category": "Champagne",
"variant": "",
"metric1": "",
"dimension1": "",
"dimension2": "",
"dimension3": ""
}
</script>
    </a>

    <div class="c-product-card__media-wrapper">
        <picture class="c-product-card__media">
            <img class="c-product-card__image" src="/medias/300Wx300H-null?context=bWFzdGVyfGltYWdlc3wzNzExMHxpbWFnZS9qcGVnfGFHUTRMMmhoWkM4eE1UVTVNek15TmpjNE9EWXpPQzh6TURCWGVETXdNRWhmYm5Wc2JBfDc3NTMzY2VjNDE5NmJhODU2MjQzYWE5OWE2ZjQ1YWYwNDY5YzBmMTc0ZjRhYWEyYjg3ZjM2MmE3MjZmNDg5MDU&v=1735940687665" alt="" width="300"
                 height="400" itemprop="image">
        </picture>

        <!--RIBBONS-->
        <ul class="c-product-card__ribbons">
    </ul>
</div>


    <!--HEADER-->
    <div class="c-product-card__header">
        <h2 class="c-product-card__headline" itemprop="name">Dom Pérignon 0.75L, Giftbox</h2>
        <h3 class="c-product-card__subline">Dom Pérignon</h3>
        </div>

    <!--PRICEBOX-->
    <div class="c-product-card__price" itemprop="offers" itemscope itemtype="https://schema.org/Offer">
    <div class="c-price-box">
        <p class="c-price " itemprop="price" content="209.9">
            <span>from</span>
            €209.90</p>
        <p class="c-price-box__reference">(€279.87 / 1 l)</p>
        <p class="c-price-box__info" itemprop="priceCurrency" content="EUR">
            </p>
    </div>
</div>
<!--VARIANTS-->
    <!--VARIANTS-->
</div>

</div>
                <div class="c-carousel__slide">
                        <div class="c-product-card js-wishlist-anchor" itemprop="item" itemscope itemtype="https://schema.org/Product">
    <div class="u-position-relative">
            <!-- In other contexts, just show the wishlist heart -->
        





<div class="c-product-card__wishlist">
    <div class="c-product-preview__wishlist js-wishlist js-wishlist-icon">

        

        <button class="c-button c-button--icon-only c-button--inverted js-wishlist-icon-not-added js-add-product-to-wishlist
        " hx-post="/en/global/wishlist/add/000000000000058139" hx-swap="none">
            <svg class="c-button__icon">
                <use xlink:href="/_ui/20250325002051/responsive/theme-gh/icons/sprite.svg#heart-light"></use>
            </svg>
        </button>

        

        <button class="c-button c-button--icon-only c-button--inverted js-wishlist-icon-added js-remove-product-from-wishlist
            u-hidden" hx-post="/en/global/wishlist/remove/000000000000058139" hx-swap="none">
            <svg class="c-button__icon">
                <use xlink:href="/_ui/20250325002051/responsive/theme-gh/icons/sprite.svg#heart-solid"></use>
            </svg>
        </button>
    </div>
</div>
</div>
    <a href="/en/global/montblanc/montblanc-line-meisterstueck-resin-pencil-refill/p/000000000000058139/"
       title="Montblanc, line: Meisterstück Resin, Pencil refill"
       class="c-product-card__link js-article-link js-wishlist-tracking "
       itemprop="url"
       data-track-id="000000000000058139"
       data-track-title="comp_000094RN"
       data-track-price="399.9"
       data-track-currency="EUR"
       data-track-view
       data-track-click="/en/global/montblanc/montblanc-line-meisterstueck-resin-pencil-refill/p/000000000000058139/"
       data-track-type="product"
       data-track
    >
        <script type="application/json" class="js-wishlist-payload">
            

{
"name": "Montblanc, line: Meisterst\u00FCck Resin, Pencil refill",
"id": "58139",
"price": "399.9",
"brand": "Montblanc",
"category": "Accessories",
"variant": "",
"metric1": "",
"dimension1": "",
"dimension2": "",
"dimension3": ""
}
</script>
    </a>

    <div class="c-product-card__media-wrapper">
        <picture class="c-product-card__media">
            <img class="c-product-card__image" src="/medias/300Wx300H-null?context=bWFzdGVyfGltYWdlc3wyNDg5NHxpbWFnZS9qcGVnfGFERXpMMmhrWmk4NU9UWXhNREl4TlRjeE1UQXlMek13TUZkNE16QXdTRjl1ZFd4c3wwYWY0NWFmNTE4NTMxMWM0MzYxMTIzOTEyNjU0NDBiMGM3ZDhlZmY3ZmZmNjE2NTFiZjBmMjg5YzZiOTMxY2Q3&v=1698700570031" alt="" width="300"
                 height="400" itemprop="image">
        </picture>

        <!--RIBBONS-->
        <ul class="c-product-card__ribbons">
    </ul>
</div>


    <!--HEADER-->
    <div class="c-product-card__header">
        <h2 class="c-product-card__headline" itemprop="name">Montblanc, line: Meisterstück Resin, Pencil refill</h2>
        <h3 class="c-product-card__subline">Montblanc</h3>
        </div>

    <!--PRICEBOX-->
    <div class="c-product-card__price" itemprop="offers" itemscope itemtype="https://schema.org/Offer">
    <div class="c-price-box">
        <p class="c-price " itemprop="price" content="399.9">
            <span>from</span>
            €399.90</p>
        <p class="c-price-box__info" itemprop="priceCurrency" content="EUR">
            </p>
    </div>
</div>
<!--VARIANTS-->
    <!--VARIANTS-->
</div>

</div>
                <div class="c-carousel__slide">
                        <div class="c-product-card js-wishlist-anchor" itemprop="item" itemscope itemtype="https://schema.org/Product">
    <div class="u-position-relative">
            <!-- In other contexts, just show the wishlist heart -->
        





<div class="c-product-card__wishlist">
    <div class="c-product-preview__wishlist js-wishlist js-wishlist-icon">

        

        <button class="c-button c-button--icon-only c-button--inverted js-wishlist-icon-not-added js-add-product-to-wishlist
        " hx-post="/en/global/wishlist/add/000000000001642645" hx-swap="none">
            <svg class="c-button__icon">
                <use xlink:href="/_ui/20250325002051/responsive/theme-gh/icons/sprite.svg#heart-light"></use>
            </svg>
        </button>

        

        <button class="c-button c-button--icon-only c-button--inverted js-wishlist-icon-added js-remove-product-from-wishlist
            u-hidden" hx-post="/en/global/wishlist/remove/000000000001642645" hx-swap="none">
            <svg class="c-button__icon">
                <use xlink:href="/_ui/20250325002051/responsive/theme-gh/icons/sprite.svg#heart-solid"></use>
            </svg>
        </button>
    </div>
</div>
</div>
    <a href="/en/global/giorgio-armani/giorgio-armani-emporio-classic-she-eau-de-parfum-100-ml/p/000000000001642645/"
       title="Giorgio Armani Emporio Classic She Eau de Parfum 100 ml"
       class="c-product-card__link js-article-link js-wishlist-tracking "
       itemprop="url"
       data-track-id="000000000001642645"
       data-track-title="comp_000094RN"
       data-track-price="49.9"
       data-track-currency="EUR"
       data-track-view
       data-track-click="/en/global/giorgio-armani/giorgio-armani-emporio-classic-she-eau-de-parfum-100-ml/p/000000000001642645/"
       data-track-type="product"
       data-track
    >
        <script type="application/json" class="js-wishlist-payload">
            

{
"name": "Giorgio Armani Emporio Classic She Eau de Parfum 100 ml",
"id": "1642645",
"price": "49.9",
"brand": "Giorgio Armani",
"category": "Fragrance",
"variant": "",
"metric1": "",
"dimension1": "",
"dimension2": "",
"dimension3": "everyday low price"
}
</script>
    </a>

    <div class="c-product-card__media-wrapper">
        <picture class="c-product-card__media">
            <img class="c-product-card__image" src="/medias/300Wx300H-null?context=bWFzdGVyfGltYWdlc3wyMTE1NHxpbWFnZS9qcGVnfGFEQmhMMmhrTkM4eE1UVTVNek15TURZNU16YzVNQzh6TURCWGVETXdNRWhmYm5Wc2JBfDk5ZjMzNjViZTM3OTFiNzkwMDk5Y2E3YzFmMDg3YTg2OTIyNTJlYmY0YTYzNzFkMTE4Y2Q5Zjk2NDBiZTJiMDY&v=1735940217861" alt="" width="300"
                 height="400" itemprop="image">
        </picture>

        <!--RIBBONS-->
        <ul class="c-product-card__ribbons">
    <li>
            








    
    
        <span class="c-ribbon c-ribbon--special">
                Everyday Low Price
        </span>
    

</li>
    </ul>
</div>


    <!--HEADER-->
    <div class="c-product-card__header">
        <h2 class="c-product-card__headline" itemprop="name">Giorgio Armani Emporio Classic She Eau de Parfum 100 ml</h2>
        <h3 class="c-product-card__subline">Giorgio Armani</h3>
        </div>

    <!--PRICEBOX-->
    <div class="c-product-card__price" itemprop="offers" itemscope itemtype="https://schema.org/Offer">
    <div class="c-price-box">
        <p class="c-price " itemprop="price" content="49.9">
            €49.90</p>
        <p class="c-price-box__reference">(€49.90 / 100 ml)</p>
        <p class="c-price-box__info" itemprop="priceCurrency" content="EUR">
            </p>
    </div>
</div>
<!--VARIANTS-->
    <!--VARIANTS-->
</div>

</div>
                <div class="c-carousel__slide">
                        <div class="c-product-card js-wishlist-anchor" itemprop="item" itemscope itemtype="https://schema.org/Product">
    <div class="u-position-relative">
            <!-- In other contexts, just show the wishlist heart -->
        





<div class="c-product-card__wishlist">
    <div class="c-product-preview__wishlist js-wishlist js-wishlist-icon">

        

        <button class="c-button c-button--icon-only c-button--inverted js-wishlist-icon-not-added js-add-product-to-wishlist
        " hx-post="/en/global/wishlist/add/000000000001669513" hx-swap="none">
            <svg class="c-button__icon">
                <use xlink:href="/_ui/20250325002051/responsive/theme-gh/icons/sprite.svg#heart-light"></use>
            </svg>
        </button>

        

        <button class="c-button c-button--icon-only c-button--inverted js-wishlist-icon-added js-remove-product-from-wishlist
            u-hidden" hx-post="/en/global/wishlist/remove/000000000001669513" hx-swap="none">
            <svg class="c-button__icon">
                <use xlink:href="/_ui/20250325002051/responsive/theme-gh/icons/sprite.svg#heart-solid"></use>
            </svg>
        </button>
    </div>
</div>
</div>
    <a href="/en/global/macallan/the-macallan-harmony-4-guardian-oak-highland-single-malt-scotch-whisky-44-2vol-0-7l/p/000000000001669513/"
       title="The Macallan Harmony 4 Guardian Oak Highland Single Malt Scotch Whisky 44.2% 0.7L"
       class="c-product-card__link js-article-link js-wishlist-tracking "
       itemprop="url"
       data-track-id="000000000001669513"
       data-track-title="comp_000094RN"
       data-track-price="199.9"
       data-track-currency="EUR"
       data-track-view
       data-track-click="/en/global/macallan/the-macallan-harmony-4-guardian-oak-highland-single-malt-scotch-whisky-44-2vol-0-7l/p/000000000001669513/"
       data-track-type="product"
       data-track
    >
        <script type="application/json" class="js-wishlist-payload">
            

{
"name": "The Macallan Harmony 4 Guardian Oak Highland Single Malt Scotch Whisky 44.2% 0.7L",
"id": "1669513",
"price": "199.9",
"brand": "Macallan",
"category": "Whisky",
"variant": "",
"metric1": "",
"dimension1": "",
"dimension2": "",
"dimension3": "travel exclusive"
}
</script>
    </a>

    <div class="c-product-card__media-wrapper">
        <picture class="c-product-card__media">
            <img class="c-product-card__image" src="/medias/300Wx300H-null?context=bWFzdGVyfGltYWdlc3wzODU0M3xpbWFnZS9qcGVnfGFESmxMMmhoWkM4eE1UWXpOelUzTWpFM016ZzFOQzh6TURCWGVETXdNRWhmYm5Wc2JBfDFhNWI5Mjk0OGNjZjY1MWY4NGU0MWMzNDlmMGEwYTQ5MmI2YmFlYjAyMDdkZTEwYTkzOGNhNTgxYWY5MTY4NzE&v=1736896732818" alt="" width="300"
                 height="400" itemprop="image">
        </picture>

        <!--RIBBONS-->
        <ul class="c-product-card__ribbons">
    <li>
            








    
    
        <span class="c-ribbon c-ribbon--edition">
                Travel Edition
        </span>
    

</li>
    </ul>
</div>


    <!--HEADER-->
    <div class="c-product-card__header">
        <h2 class="c-product-card__headline" itemprop="name">The Macallan Harmony 4 Guardian Oak Highland Single Malt Scotch Whisky 44.2% 0.7L</h2>
        <h3 class="c-product-card__subline">Macallan</h3>
        </div>

    <!--PRICEBOX-->
    <div class="c-product-card__price" itemprop="offers" itemscope itemtype="https://schema.org/Offer">
    <div class="c-price-box">
        <p class="c-price " itemprop="price" content="199.9">
            <span>from</span>
            €199.90</p>
        <p class="c-price-box__reference">(€285.57 / 1 l)</p>
        <p class="c-price-box__info" itemprop="priceCurrency" content="EUR">
            </p>
    </div>
</div>
<!--VARIANTS-->
    <!--VARIANTS-->
</div>

</div>
                <div class="c-carousel__slide">
                        <div class="c-product-card js-wishlist-anchor" itemprop="item" itemscope itemtype="https://schema.org/Product">
    <div class="u-position-relative">
            <!-- In other contexts, just show the wishlist heart -->
        





<div class="c-product-card__wishlist">
    <div class="c-product-preview__wishlist js-wishlist js-wishlist-icon">

        

        <button class="c-button c-button--icon-only c-button--inverted js-wishlist-icon-not-added js-add-product-to-wishlist
        " hx-post="/en/global/wishlist/add/000000000001081932" hx-swap="none">
            <svg class="c-button__icon">
                <use xlink:href="/_ui/20250325002051/responsive/theme-gh/icons/sprite.svg#heart-light"></use>
            </svg>
        </button>

        

        <button class="c-button c-button--icon-only c-button--inverted js-wishlist-icon-added js-remove-product-from-wishlist
            u-hidden" hx-post="/en/global/wishlist/remove/000000000001081932" hx-swap="none">
            <svg class="c-button__icon">
                <use xlink:href="/_ui/20250325002051/responsive/theme-gh/icons/sprite.svg#heart-solid"></use>
            </svg>
        </button>
    </div>
</div>
</div>
    <a href="/en/global/plantation/plantation-20th-anniversary-rum-40vol-0-7l/p/000000000001081932/"
       title="Plantation 20th Anniversary Rum 40% 0.7L"
       class="c-product-card__link js-article-link js-wishlist-tracking "
       itemprop="url"
       data-track-id="000000000001081932"
       data-track-title="comp_000094RN"
       data-track-price="51.9"
       data-track-currency="EUR"
       data-track-view
       data-track-click="/en/global/plantation/plantation-20th-anniversary-rum-40vol-0-7l/p/000000000001081932/"
       data-track-type="product"
       data-track
    >
        <script type="application/json" class="js-wishlist-payload">
            

{
"name": "Plantation 20th Anniversary Rum 40% 0.7L",
"id": "1081932",
"price": "51.9",
"brand": "Plantation",
"category": "Spirits",
"variant": "",
"metric1": "",
"dimension1": "",
"dimension2": "",
"dimension3": ""
}
</script>
    </a>

    <div class="c-product-card__media-wrapper">
        <picture class="c-product-card__media">
            <img class="c-product-card__image" src="/medias/300Wx300H-null?context=bWFzdGVyfGltYWdlc3wzNjQ4M3xpbWFnZS9qcGVnfGFEUTNMMmhoWmk4eE1Ea3lOakF3TkRRMk9UYzVNQzh6TURCWGVETXdNRWhmYm5Wc2JBfDVkNmRkNTlkOWU4MzYzM2MzNTA1YThjNjdmNjM3NzFlMDQwMmZmY2NmNGE2ZmY2MDU4MmNiMGQ2ZGNlMTU5OTk&v=1722026220768" alt="" width="300"
                 height="400" itemprop="image">
        </picture>

        <!--RIBBONS-->
        <ul class="c-product-card__ribbons">
    </ul>
</div>


    <!--HEADER-->
    <div class="c-product-card__header">
        <h2 class="c-product-card__headline" itemprop="name">Plantation 20th Anniversary Rum 40% 0.7L</h2>
        <h3 class="c-product-card__subline">Plantation</h3>
        </div>

    <!--PRICEBOX-->
    <div class="c-product-card__price" itemprop="offers" itemscope itemtype="https://schema.org/Offer">
    <div class="c-price-box">
        <p class="c-price " itemprop="price" content="51.9">
            <span>from</span>
            €51.90</p>
        <p class="c-price-box__reference">(€74.14 / 1 l)</p>
        <p class="c-price-box__info" itemprop="priceCurrency" content="EUR">
            </p>
    </div>
</div>
<!--VARIANTS-->
    <!--VARIANTS-->
</div>

</div>
                <div class="c-carousel__slide">
                        <div class="c-product-card js-wishlist-anchor" itemprop="item" itemscope itemtype="https://schema.org/Product">
    <div class="u-position-relative">
            <!-- In other contexts, just show the wishlist heart -->
        





<div class="c-product-card__wishlist">
    <div class="c-product-preview__wishlist js-wishlist js-wishlist-icon">

        

        <button class="c-button c-button--icon-only c-button--inverted js-wishlist-icon-not-added js-add-product-to-wishlist
        " hx-post="/en/global/wishlist/add/000000000001509696" hx-swap="none">
            <svg class="c-button__icon">
                <use xlink:href="/_ui/20250325002051/responsive/theme-gh/icons/sprite.svg#heart-light"></use>
            </svg>
        </button>

        

        <button class="c-button c-button--icon-only c-button--inverted js-wishlist-icon-added js-remove-product-from-wishlist
            u-hidden" hx-post="/en/global/wishlist/remove/000000000001509696" hx-swap="none">
            <svg class="c-button__icon">
                <use xlink:href="/_ui/20250325002051/responsive/theme-gh/icons/sprite.svg#heart-solid"></use>
            </svg>
        </button>
    </div>
</div>
</div>
    <a href="/en/global/moet-chandon/moet-chandon-imperial-rose-0-75l/p/000000000001509696/"
       title="Moët & Chandon Impérial, rose 0.75L"
       class="c-product-card__link js-article-link js-wishlist-tracking "
       itemprop="url"
       data-track-id="000000000001509696"
       data-track-title="comp_000094RN"
       data-track-price="52.9"
       data-track-currency="EUR"
       data-track-view
       data-track-click="/en/global/moet-chandon/moet-chandon-imperial-rose-0-75l/p/000000000001509696/"
       data-track-type="product"
       data-track
    >
        <script type="application/json" class="js-wishlist-payload">
            

{
"name": "Mo\u00EBt & Chandon Imp\u00E9rial, rose 0.75L",
"id": "1509696",
"price": "52.9",
"brand": "Mo\u00EBt & Chandon",
"category": "Champagne",
"variant": "",
"metric1": "",
"dimension1": "",
"dimension2": "",
"dimension3": ""
}
</script>
    </a>

    <div class="c-product-card__media-wrapper">
        <picture class="c-product-card__media">
            <img class="c-product-card__image" src="/medias/300Wx300H-null?context=bWFzdGVyfGltYWdlc3wyNTYwMHxpbWFnZS9qcGVnfGFHTTRMMmczTXk4eE1UZ3pNRFUxTmpjNE5qY3hPQzh6TURCWGVETXdNRWhmYm5Wc2JBfDcyNDQ1ODBiZmFlNjg1MzBjNjdhNDE1Njk3ODAzMzdhNmVhMjA3ZWQ0MmMwY2RlYjhjN2I1MTA5NmRiMjk0NDI&v=1740779179968" alt="" width="300"
                 height="400" itemprop="image">
        </picture>

        <!--RIBBONS-->
        <ul class="c-product-card__ribbons">
    </ul>
</div>


    <!--HEADER-->
    <div class="c-product-card__header">
        <h2 class="c-product-card__headline" itemprop="name">Moët & Chandon Impérial, rose 0.75L</h2>
        <h3 class="c-product-card__subline">Moët & Chandon</h3>
        </div>

    <!--PRICEBOX-->
    <div class="c-product-card__price" itemprop="offers" itemscope itemtype="https://schema.org/Offer">
    <div class="c-price-box">
        <p class="c-price " itemprop="price" content="52.9">
            <span>from</span>
            €52.90</p>
        <p class="c-price-box__reference">(€70.53 / 1 l)</p>
        <p class="c-price-box__info" itemprop="priceCurrency" content="EUR">
            </p>
    </div>
</div>
<!--VARIANTS-->
    <!--VARIANTS-->
</div>

</div>
                <div class="c-carousel__slide">
                        <div class="c-product-card js-wishlist-anchor" itemprop="item" itemscope itemtype="https://schema.org/Product">
    <div class="u-position-relative">
            <!-- In other contexts, just show the wishlist heart -->
        





<div class="c-product-card__wishlist">
    <div class="c-product-preview__wishlist js-wishlist js-wishlist-icon">

        

        <button class="c-button c-button--icon-only c-button--inverted js-wishlist-icon-not-added js-add-product-to-wishlist
        " hx-post="/en/global/wishlist/add/000000000001666253" hx-swap="none">
            <svg class="c-button__icon">
                <use xlink:href="/_ui/20250325002051/responsive/theme-gh/icons/sprite.svg#heart-light"></use>
            </svg>
        </button>

        

        <button class="c-button c-button--icon-only c-button--inverted js-wishlist-icon-added js-remove-product-from-wishlist
            u-hidden" hx-post="/en/global/wishlist/remove/000000000001666253" hx-swap="none">
            <svg class="c-button__icon">
                <use xlink:href="/_ui/20250325002051/responsive/theme-gh/icons/sprite.svg#heart-solid"></use>
            </svg>
        </button>
    </div>
</div>
</div>
    <a href="/en/global/hennessy/hennessy-vsop-cognac-james-lebron-limited-edition-40vol-0-7l/p/000000000001666253/"
       title="Hennessy VSOP Cognac James LeBron Limited Edition 40% 0.7L"
       class="c-product-card__link js-article-link js-wishlist-tracking "
       itemprop="url"
       data-track-id="000000000001666253"
       data-track-title="comp_000094RN"
       data-track-price="69.9"
       data-track-currency="EUR"
       data-track-view
       data-track-click="/en/global/hennessy/hennessy-vsop-cognac-james-lebron-limited-edition-40vol-0-7l/p/000000000001666253/"
       data-track-type="product"
       data-track
    >
        <script type="application/json" class="js-wishlist-payload">
            

{
"name": "Hennessy VSOP Cognac James LeBron Limited Edition 40% 0.7L",
"id": "1666253",
"price": "69.9",
"brand": "Hennessy",
"category": "Spirits",
"variant": "",
"metric1": "",
"dimension1": "",
"dimension2": "",
"dimension3": ""
}
</script>
    </a>

    <div class="c-product-card__media-wrapper">
        <picture class="c-product-card__media">
            <img class="c-product-card__image" src="/medias/300Wx300H-null?context=bWFzdGVyfGltYWdlc3w1MDkxMXxpbWFnZS9qcGVnfGFEZzNMMmhrTlM4eE1UTXpNemMyT0RBNE5UVXpOQzh6TURCWGVETXdNRWhmYm5Wc2JBfDBhNjRiNWRkZGU4ZGY4MzA3YzY1YzMzYWZkYTM2Y2MyNzQ3ODYyZTA4NTJiZjRkYzU5ZGQ4MDI2M2YwMTA3OGM&v=1730173202412" alt="" width="300"
                 height="400" itemprop="image">
        </picture>

        <!--RIBBONS-->
        <ul class="c-product-card__ribbons">
    </ul>
</div>


    <!--HEADER-->
    <div class="c-product-card__header">
        <h2 class="c-product-card__headline" itemprop="name">Hennessy VSOP Cognac James LeBron Limited Edition 40% 0.7L</h2>
        <h3 class="c-product-card__subline">Hennessy</h3>
        </div>

    <!--PRICEBOX-->
    <div class="c-product-card__price" itemprop="offers" itemscope itemtype="https://schema.org/Offer">
    <div class="c-price-box">
        <p class="c-price " itemprop="price" content="69.9">
            <span>from</span>
            €69.90</p>
        <p class="c-price-box__reference">(€99.86 / 1 l)</p>
        <p class="c-price-box__info" itemprop="priceCurrency" content="EUR">
            </p>
    </div>
</div>
<!--VARIANTS-->
    <!--VARIANTS-->
</div>

</div>
                </div>
        </div>
    </div>
</div>

</section><section class="yCmsComponent mdc-layout-grid__cell mdc-layout-grid__cell--span-12">
<div
        data-track-view
        data-track-click="/en/global/app"
        data-track-type="banner"
        data-track>
    <script type="application/json" class="js-track-payload">
        {"id": "comp_000094RO", "name": "03-2025 New Home | L Teaser | App", "creative": "2025-01-16", "position": "Default ContentStage for NEW HOMEPAGE"}
    </script>
    <a href="/en/global/app"
       >
        <div class="c-teaser "
                
                    style="background-color: #f5f5f5"
                
        >
            <picture class="c-teaser__img-wrapper">
                <source srcset="/medias/03-2025-Heinemann-App-Teaser-L-Mobile-480x270.jpg?context=bWFzdGVyfGltYWdlc3w0NjExNXxpbWFnZS9qcGVnfGFEVXhMMmhsTkM4eE1UYzROalF4TXpjek5UazJOaTh3TXkweU1ESTFMVWhsYVc1bGJXRnViaTFCY0hBdFZHVmhjMlZ5TFV3dFRXOWlhV3hsTFRRNE1IZ3lOekF1YW5Cbnw2YTlmNTcxMWVkZTlmM2FhMGMzNzk5Y2NjYjk5MzVhODA3MDVmMDExMGY3M2Y1NmM1N2VhMmYwMTJiZDAwM2Y5&v=1740142777462" media="(max-width: 699px)">
                <img src="/_ui/20250325002051/responsive/theme-gh/images/filler.png" data-lazyload-src="/medias/03-2025-Heinemann-App-Teaser-L-Desktop-720x405.jpg?context=bWFzdGVyfGltYWdlc3w4NTI3OHxpbWFnZS9qcGVnfGFEUmxMMmhsTnk4eE1UYzROalF4TXpZM01EUXpNQzh3TXkweU1ESTFMVWhsYVc1bGJXRnViaTFCY0hBdFZHVmhjMlZ5TFV3dFJHVnphM1J2Y0MwM01qQjROREExTG1wd1p3fGM1ZTE2ZDkwMmU0YjBiZWQyY2YyZWM2ZmRmM2RjZDlkYjdkYWJjOGJkMDAwOTI4NWFiYTdlN2MzYjYwODBkYWY&v=1740142777404"
                     data-lazyload-pending="true" alt="03-2025-Heinemann-App-Teaser-L-Desktop-720x405.jpg" title="Two smartphones display the Heinemann app, featuring sections for 'Inspiration' and 'Heinemann Highlights' with vibrant images and themes.">
            </picture>
            <div class="c-teaser__text-wrapper">
                <div>
                    <div class="c-teaser__headline-wrapper">
                        <h3 class="c-teaser__headline">The Heinemann App: Your Key to Exclusive Duty-Free Shopping and Luxurious Inspiration</h3>
                        <h4 class="c-teaser__subline">Heinemann App</h4>
                        </div>
                    <button class="c-button c-button--primary c-teaser__button">
                                DOWNLOAD NOW</button>
                    </div>
            </div>
        </div>
        </a>
    </div>
</section><section class="yCmsComponent mdc-layout-grid__cell mdc-layout-grid__cell--span-12">
<div class="c-headline-component "
	 style="margin-top: 0px; margin-bottom: 0px;">
	<p><style type="text/css">
    .margin-sides {
        margin-left: 10px;
        margin-right: 10px;
    }
</style></p><p class="margin-sides"><span style="font-size: larger;"><strong>Welcome to Heinemann Duty Free at the airport&nbsp;</strong></span></p> <div class="margin-sides">Don&rsquo;t you just love that feeling you get before a flight? You&rsquo;re done with check-in and security, and now you can shop! Heinemann Duty Free &amp; Travel Value Shops are the perfect place to enjoy an amazing shopping experience before take-off. At many international airports, you&rsquo;ll find:</div> <ul class="margin-sides">     <li><div>Your absolute favorite <a href="brands?null" target="_self"><u>brands</u></a></div></li>     <li><div>New <a href="super-deals/special-offer/c/cat_11030/" target="_self"><u>special offers</u></a> every time</div></li>     <li><div><a href="exclusives/c/ExclusiveEditions/" target="_self"><u>Exclusive products</u></a> only available from Heinemann or when traveling</div></li> </ul> <div class="margin-sides">A trip to our shops is sure to surprise and inspire you every single visit.</div></div>
</section></div></div>

    </main>
			</div>

			<footer class="c-footer-basic js-footer-container">
	<div class="c-headline-component "
	 style="margin-top: 10px; margin-bottom: 10px;">
	<div class="footer-container"><div class="c-footer-basic js-footer-container"><div><sup><span style="font-size: 10px;">1</span></sup><span style="font-size: 10px;">The coupon code is only valid online at heinemann-shop.com. The coupon code can be redeemed for products from the categories of fragrance sets and care sets in the shopping cart until April 30, 2025 (provided that a valid delivery address in Germany and a valid flight ticket are available). The coupon code is non-transferrable, cannot be combined with other discount offers and is not valid on items that have already been discounted or on products marked as Special Offer, Multibuy or Member Price. Not valid in our Heinemann Duty Free &amp; Travel Value Shops at the airport or in our Cruise Liner Shops.</span></div></div></div>  <div><style type="text/css">
.footer-container {
  max-width: 1320px;
  margin: 0 auto;
}
</style></div></div>
<div class="section--darkgray util-padding-top-05">
	<div class="section section--content-width">

		<div class="c-footer-standard__container">
			<div class="c-footer-standard__container-item c-footer-standard__contact">
				<h2 class="c-footer-standard__headline"><h5><strong>How to reach us</strong></h5><br></h2>
				<div class="c-footer-standard__item"><p>International customer service hotline:</p>
<p><a href="tel:0080022244222">00800&nbsp;222&nbsp;44&nbsp;222</a> <br />
(Depending on the country or network provider fees may apply.)</p></div>
				<span class="c-footer-standard__item">
                              &rsaquo; <a href="/en/global/contact" title="Contact form" >Contact form</a></span>
				</div>
			<div class="c-footer-standard__container-right">
				<div class="c-footer-standard__container-top">
					<div class="c-footer-standard__container-item c-footer-standard__service">
						<h2 class="c-footer-standard__headline"><h5><strong>Help</strong></h5><br></h2>
						<span class="c-footer-standard__item">
                              &rsaquo; <a href="/en/global/faq-home-delivery" title="FAQ" >FAQ</a></span>
						<span class="c-footer-standard__item">
                              &rsaquo; <a href="/en/global/complaint" title="Returns & Complaints" >Returns & Complaints</a></span>
						<span class="c-footer-standard__item">
                              &rsaquo; <a href="/en/global/locations-europe" title="Our Airport Shops" >Our Airport Shops</a></span>
						<span class="c-footer-standard__item">
                              &rsaquo; <a href="/en/global/payment-options" title="Payment Options" >Payment Options</a></span>
						</div>
					<div class="c-footer-standard__container-item c-footer-standard__about">
						<h2 class="c-footer-standard__headline"><h5><strong>About Us</strong></h5><br></h2>
						<span class="c-footer-standard__item">
                              &rsaquo; <a href="/en/global/legal-notice" title="Legal Notice" >Legal Notice</a></span>
						<span class="c-footer-standard__item">
                              &rsaquo; <a href="/en/global/data-protection-statement" title="Data Protection" >Data Protection</a></span>
						<span class="c-footer-standard__item">
                              &rsaquo; <a href="#" onClick="UC_UI.showSecondLayer();" title="Cookie Settings" >Cookie Settings</a></span>
						<span class="c-footer-standard__item">
                              &rsaquo; <a href="/en/global/terms-and-conditions" title="Terms and Conditions" >Terms and Conditions</a></span>
						<span class="c-footer-standard__item">
                              &rsaquo; <a href="/en/global/heinemann-and-me-benefits" title="Heinemann x ME" >Heinemann x ME</a></span>
						<span class="c-footer-standard__item">
                              &rsaquo; <a href="https://www.gebr-heinemann.de/heu/en" title="Company" target="_blank">Company</a></span>
						<span class="c-footer-standard__item">
                              &rsaquo; <a href="/en/global/newsletter" title="Newsletter" >Newsletter</a></span>
						</div>
				</div>
				<div class="c-footer-standard__container-bottom">
					<div class="c-footer-standard__container-item c-footer-standard__apps">
						<h2 class="c-footer-standard__headline"><h5><strong>Our App</strong></h5><br></h2>
						<a class="c-footer-standard__item" href="https://apps.apple.com/de/app/new-heinemann-world/id6476097928"><img src="/medias/appstore-en.png?context=bWFzdGVyfHJvb3R8NDYxM3xpbWFnZS9wbmd8YURFM0wyZ3dOUzg0T0RReE1UVTFOalF4TXpjMExuQnVad3w0M2Q1OTQwZWI2OTYwMzZjZjY5Y2NkYzU3N2MxNDFiOTRiNWZkZjg3Y2U3NjY3YjdmZjM0ZGNmZTYxNDQyMTU3&v=1536222731149" alt=""></a>
						<a class="c-footer-standard__item" href="https://play.google.com/store/apps/details?id=de.heinemann"><img src="/medias/google-play-en.png?context=bWFzdGVyfHJvb3R8Njc3MHxpbWFnZS9wbmd8YUdaaUwyZzBPUzg0T0RReE1UVTFOekEyT1RFd0xuQnVad3w1ODk1YWYxOTlhZTFhNWNkYTY2ZGYxZTJlNTUyNDZlZjgyMjE1ZDQ5MGRmMjU4Y2QwMzRjZWNjZTM3YzE4MmMw&v=1536222731210" alt=""></a>
					</div>

					<div class="c-footer-standard__container-item c-footer-standard__social">
						<h2 class="c-footer-standard__headline"><h5><strong>Follow us</strong></h5><br></h2>
						<ul class="c-footer-standard__social-list">
							<li><a class="c-footer-standard__icon" href="https://www.facebook.com/heinemanntaxanddutyfree/"><svg class="icon icon-facebook" width="30px" height="30px"  viewBox="0 0 48 48" xmlns="http://www.w3.org/2000/svg">
	<defs><style>.cls-1{fill:none;}</style></defs>
	<g data-name="Rechteck transparent">
		<rect class="cls-1" width="48" height="48"/>
	</g>
	<g fill="#F0EDEB">
		<path d="M27.5,43h-9V25H15V16.26h3.48v-3c0-4,2.19-8.29,8.33-8.29H33v7.67H28.33c-.74,0-.83.52-.83,1v2.64h5.74L32.44,25H27.5ZM20,41.51h6v-18h5.07l.53-5.75H26V13.61a2.25,2.25,0,0,1,2.33-2.47h3.16V6.47H26.82c-6.34,0-6.83,5.2-6.83,6.79v4.5H16.51V23.5H20Z" transform="translate(0 0)"/>
	</g>
</svg>
</a></li>
							<li><a class="c-footer-standard__icon" href="https://www.youtube.com/user/HeinemannKarriere"><svg class="icon icon-play_button" xmlns="http://www.w3.org/2000/svg" width="30px" height="30px" viewBox="0 0 48 48">
    <defs><style>.cls-1{fill:none;}</style></defs>
    <g data-name="Rechteck transparent">
        <rect class="cls-1" width="48" height="48"/></g>
    <g fill="#F0EDEB">
        <path data-name="&lt;Zusammengesetzter Pfad&gt;" d="M24,11.5c1,0,2.1,0,3.14,0l2,.05c5.29.12,10.29.23,11.46,1.39,1,1,1.89,1.87,1.89,11s-.88,10-1.89,11c-1.17,1.16-6.17,1.27-11.46,1.39l-2,.05c-1,0-2.08,0-3.11,0s-2.08,0-3.11,0l-2.05-.05C13.53,36.29,8.54,36.18,7.37,35c-1-1-1.89-1.87-1.89-11s.87-10,1.89-11c1.17-1.16,6.16-1.27,11.45-1.39l2-.05c1,0,2.1,0,3.14,0M24,10c-1.06,0-2.12,0-3.18,0-7.2.18-12.73.12-14.49,1.87C4.94,13.28,4,14.4,4,24s1,10.72,2.33,12.09c1.77,1.75,7.3,1.69,14.52,1.87,1.05,0,2.1,0,3.15,0s2.1,0,3.15,0c7.21-.18,12.75-.12,14.51-1.87C43,34.72,44,33.6,44,24s-1-10.72-2.34-12.09c-1.76-1.75-7.28-1.69-14.48-1.87C26.1,10,25,10,24,10Z"/>
        <g data-name="&lt;Gruppe&gt;">
            <polygon points="20.75 19.32 28.54 24 20.75 28.68 20.75 19.32"/>
            <path d="M21.5,20.65,27.08,24,21.5,27.35v-6.7M20,18V30l10-6L20,18Z"/>
        </g>
    </g>
</svg>
</a></li>
							</ul>

					</div>
				</div>
				<div class="c-footer-standard__container-item c-footer-standard__trustbadge">
					<div>
						<div id="trustbadgeCustomContainer"></div>
<div id="trustbadgeCustomMobileContainer"></div>
</div>
				</div>
			</div>
		</div>
	</div>
</div>
<div class="c-language--dark util-padding-top-05">
        <div class="section section--content-width util-white">
            <div class="c-footer-language">
                <div class="c-footer-language__list">
					<span class="c-footer-language__active">

						<img src="/medias/GB-Flag.svg?context=bWFzdGVyfHJvb3R8Mjg2OHxpbWFnZS9zdmcreG1sfGFHSXhMMmhqWXk4NU5qVTBNamsxT0RVMU1UTTBMMGRDTFVac1lXY3VjM1pufDg2MWY2OTc0ZjIzZGRiMmY5YWYxNTJjYzUwNDgyYmVmNzEwYWQwMjFmZmY0MDU2NzVkOGVmN2RjNjA1OGYxZDk&v=1643095201462" alt=""/>
						English</span>

                    <a class="c-footer-language__item"
                           href="https://www.heinemann-shop.com/de/global/">
                            <img src="/medias/DE-Flag-inactive.svg?context=bWFzdGVyfHJvb3R8MjcwNnxpbWFnZS9zdmcreG1sfGFEYzFMMmd5Wmk4NU16RTBNVFl6TWpZeE5EY3dMbk4yWnd8ZWU1Y2M4NWU5MmVkOWM3OWU0NzhhNDkyOWY1NGRhMzY2ZDk0ZjdjZTYzNWExZDc0OWRlMjUyZTgwZTFmN2UwYw&v=1574671769592" alt="">
                             German</a>
                    </div>
            </div>
        </div>
    </div>
<div class="c-footer-basic__container ">
	<div class="section section--content-width">
		<div class="c-footer-brandstage">
			<div class="c-footer-brandstage__info">
				© 2025 Gebr. Heinemann SE & Co. KG</div>
			<div class="c-footer-brandstage__logo-container">
				<picture>
					<source srcset="" media="(max-width: 699px)">
					<img srcset="/medias/icon-footer-logo.svg?context=bWFzdGVyfHJvb3R8MTYzNzJ8aW1hZ2Uvc3ZnK3htbHxhR0UzTDJoaVppODVOalUwTWprNU1EazVNVFkyTDJsamIyNHRabTl2ZEdWeUxXeHZaMjh1YzNabnwwMDVmOGIzMzk0YjJhNGJlZGRhM2I3ZDFkNmNhYTZhZmJmZTlhNTE3ODUwMDY4ZTc3YTk1ZDViYWMwZjgxYWQ3&v=1643095230470" title="" alt="">
				</picture>
			</div>
		</div>
	</div>
</div>

<div class="c-back-to-top" data-back-to-top>
	<div class="c-back-to-top__container">
		<div class="c-back-to-top__arrow"></div>
		<span class="c-back-to-top__text">Back to top</span>
	</div>
</div>

</footer>
</div>
	<script type="text/javascript">
    /*<![CDATA[*/
    
    var ACC = {config: {}};
    ACC.config.contextPath = "";
    ACC.config.encodedContextPath = "/en/global";
    ACC.config.commonResourcePath = "/_ui/20250325002051/responsive/common";
    ACC.config.themeResourcePath = "/_ui/20250325002051/responsive/theme-gh";
    ACC.config.siteResourcePath = "/_ui/20250325002051/responsive/site-ghstore";
    ACC.config.rootPath = "/_ui/20250325002051/responsive";
    ACC.config.CSRFToken = "9f363b5e-1bfb-44fb-bd1b-f89c397f6f92";
    ACC.pwdStrengthVeryWeak = 'password.strength.veryweak';
    ACC.pwdStrengthWeak = 'password.strength.weak';
    ACC.pwdStrengthMedium = 'password.strength.medium';
    ACC.pwdStrengthStrong = 'password.strength.strong';
    ACC.pwdStrengthVeryStrong = 'password.strength.verystrong';
    ACC.pwdStrengthUnsafePwd = 'password.strength.unsafepwd';
    ACC.pwdStrengthTooShortPwd = 'password.strength.tooshortpwd';
    ACC.pwdStrengthMinCharText = 'password.strength.minchartext';
    ACC.accessibilityLoading = 'aria.pickupinstore.loading';
    ACC.accessibilityStoresLoaded = 'aria.pickupinstore.storesloaded';
    ACC.config.googleApiKey = "";
    ACC.config.googleApiVersion = "3.7";

    
    ACC.autocompleteUrl = '/en/global/search/autocompleteSecure';

    
    ACC.config.loginUrl = '/en/global/login';

    
    ACC.config.authenticationStatusUrl = '/en/global/authentication/status';

    
    /*]]>*/

    var OCC = 

{
	
	"currentUser": "anonymous",
"sessionCartGuid": "",
"sessionCartId": "",
	"sessionLanguageIso": "en",
	"sessionCountryIso": "DE",
	"urlPosCode": "global",
	"isASM": false,
	"intermediaryID": "",
	"isASMCustomerEmulated": false,
	"siteId": "ghstore",
	"OCCBaseUrl": "/ghcommercewebservices/v2/ghstore",
	"availablePointsOfService": "BER,BLQ,BUD,DTM,DUS,FRA,GRZ,HAJ,HAM,SZG,VIE,WEB",
	"primaryPointOfSevice": "",
	"clientChannel": "web-eu"
};
</script>
<script type="text/javascript">
    /*<![CDATA[*/
    ACC.addons = {};	//JS holder for addons properties

    
    ACC.addons.ghymktclickstreamaddon = [];
    
    ACC.addons.messagesourceaddon = [];
    
    ACC.addons.smarteditaddon = [];
    
    ACC.addons.ghassistedserviceaddon = [];
    
    ACC.addons.ghassistedserviceaddon['asm.timer.min'] = 'min';
    
    ACC.addons.eventtrackingwsaddon = [];
    
    ACC.addons.mastercardwebaddon = [];
    
    ACC.addons.hybrisanalyticsaddon = [];
    
    /*]]>*/
</script>
<script type="text/javascript" src="/_ui/20250325002051/shared/js/generatedVariables.js"></script><div class="c-modal" data-modal-target="ajax">
	<div class="e-confirm-message__overlay" data-modal-close="ajax">
		<div class="e-confirm-message__container e-confirm-message__container--full">
			<div class="c-modal__content-container" data-ajax-modal-content-container></div>
			<div class="e-confirm-message__close" data-modal-close="ajax"></div>
		</div>
	</div>
</div>

<script type="text/javascript" src="/_ui/20250325002051/responsive/theme-gh/js/bundle.js"></script>

		<script type="text/javascript" src="/_ui/20250325002051/responsive/common/js/jquery-ui-1.11.2.min.js"></script>
		<script type="text/javascript" src="/_ui/20250325002051/responsive/common/js/jquery.colorbox-min.js"></script>
		<script type="text/javascript" src="/_ui/20250325002051/responsive/common/js/acc.colorbox.js"></script>
		<script type="text/javascript" src="/_ui/20250325002051/responsive/common/js/acc.autocomplete.js"></script>
		<script type="text/javascript" src="/_ui/20250325002051/responsive/common/js/acc.closeaccount.js"></script>

		<script type="text/javascript" src="/_ui/20250325002051/responsive/common/js/acc.consent.js"></script>
		<script type="text/javascript" src="/_ui/20250325002051/responsive/common/js/acc.csv-import.js"></script>

		<script type="text/javascript" src="/_ui/20250325002051/responsive/common/js/_autoload.js"></script>

		<script type="text/javascript" src="/_ui/20250325002051/addons/ghassistedserviceaddon/responsive/common/js/ghassistedserviceaddon.js"></script>
		<script type="text/javascript" src="/_ui/20250325002051/addons/ghassistedserviceaddon/responsive/common/js/jquery.tablesorter.pager.js"></script>
		<script type="text/javascript" src="/_ui/20250325002051/addons/ghassistedserviceaddon/responsive/common/js/jquery.tablesorter.min.js"></script>
		<script type="text/javascript" src="/_ui/20250325002051/addons/ghassistedserviceaddon/responsive/common/js/Chart.min.js"></script>
		<script type="text/javascript" src="/_ui/20250325002051/addons/ghassistedserviceaddon/responsive/common/js/asm.storefinder.js"></script>
		<script type="text/javascript" src="/_ui/20250325002051/addons/hybrisanalyticsaddon/responsive/common/js/hybrisanalyticsaddon.js"></script>
		<script type="text/javascript" src="/_ui/20250325002051/addons/hybrisanalyticsaddon/shared/common/js/piwik-min.js"></script>
		<script type="text/javascript" src="/_ui/20250325002051/addons/mastercardwebaddon/responsive/common/js/mastercardwebaddon.js"></script>
		<script type="text/javascript" src="/_ui/20250325002051/addons/messagesourceaddon/responsive/common/js/messagesourceaddon.js"></script>
		<script type="text/javascript" src="/_ui/20250325002051/addons/smarteditaddon/shared/common/js/webApplicationInjector.js?allow-origin=heinemann-shop.com:443,heinemanndutyfree.com.au:443,hme.heinemann-shop.com:443,crewshop.heinemann-shop.com:443,*.b2c.gebr-heinemann.com:443,tyro.gateway.mastercard.com:443,taxfree-heinemann-test.criipto.id:443"></script>
		<script type="text/javascript" src="/_ui/20250325002051/addons/smarteditaddon/shared/common/js/reprocessPage.js"></script>
		<script type="text/javascript" src="/_ui/20250325002051/addons/smarteditaddon/shared/common/js/adjustComponentRenderingToSE.js"></script>
		<script type="text/javascript" src="/_ui/20250325002051/addons/smarteditaddon/responsive/common/js/smarteditaddon.js"></script>
		<script type="text/javascript" src="/_ui/20250325002051/responsive/common/js/ghymktrecommendationaddon.js"></script>

	<!-- Addon-Scripts -->
<!-- Piwik -->
<script type="text/javascript">
    var analyticsConfig;
    if (typeof ACC != 'undefined') {
        analyticsConfig = ACC.addons.hybrisanalyticsaddon;
    } else {
        analyticsConfig = ACCMOB.addons.hybrisanalyticsaddon;
    }
    var piwikTrackerUrl = "\/events"; // Use Piwik HTTPS Endpoint by default
    var piwikSiteId = "1";
    var sessionId = "b9cd5efb-21d3-45a5-9306-7e81eacd7cef";

    if (location.protocol != 'https:')	// if the current page does not use https protocol, use the normal HTTP endpoint:
    {
        piwikTrackerUrl = "\/events";
    }

    var tracker = Piwik.getAsyncTracker(piwikTrackerUrl, piwikSiteId);

    tracker.setTrackerUrl(piwikTrackerUrl);
    tracker.setSiteId(piwikSiteId);
    tracker.setRequestMethod('POST');
    tracker.setRequestContentType('application/json; charset=UTF-8');

    var processPiwikRequest = (function (request) {
        try {
            var pairs = request.split('&');

            var requestParametersArray = {};
            for (index = 0; index < pairs.length; ++index) {
                var pair = pairs[index].split('=');
                requestParametersArray[pair[0]] = decodeURIComponent(pair[1] || '');
            }
            requestParametersArray['sessionId'] = sessionId;

            return JSON.stringify(requestParametersArray);
        } catch (err) {
            return request;
        }
    });

    tracker.setCustomRequestProcessing(processPiwikRequest);

    var hybrisAnalyticsPiwikPlugin = (function () {
        function _getEventtypeParam(suffix) {
            return '&eventtype=' + suffix;
        }

        function ecommerce() {
            return _getEventtypeParam("ecommerce");
        }

        function event() {
            return _getEventtypeParam("event");
        }

        function goal() {
            return _getEventtypeParam("goal");
        }

        function link() {
            return _getEventtypeParam("link");
        }

        function load() {
            return _getEventtypeParam("load");
        }

        function log() {
            return _getEventtypeParam("log");
        }

        function ping() {
            return _getEventtypeParam("ping");
        }

        function run() {
            return _getEventtypeParam("run");
        }

        function sitesearch() {
            return _getEventtypeParam("sitesearch");
        }

        function unload() {
            return _getEventtypeParam("unload");
        }

        return {
            ecommerce: ecommerce,
            event: event,
            goal: goal,
            link: link,
            load: load,
            log: log,
            ping: ping,
            sitesearch: sitesearch,
            unload: unload
        };
    })();
    tracker.addPlugin('hybrisAnalyticsPiwikPlugin', hybrisAnalyticsPiwikPlugin);
    // Hybris Analytics specifics - END


    
    //Otherwise default to page view event
    tracker.trackPageView('ViewPage');
    

    tracker.enableLinkTracking();

    // handlers and their subscription for cart events


    function trackAddToCart_piwik(productCode, quantityAdded, cartData) {
        tracker.setEcommerceView(String(cartData.productCode),  // (required) SKU: Product unique identifier
            cartData.productName,  // (optional) Product name
            [], // (optional) Product category, string or array of up to 5 categories
            quantityAdded + ""  // (optional, default to 1) Product quantity
        );
        tracker.addEcommerceItem(String(cartData.productCode),  // (required) SKU: Product unique identifier
            cartData.productName,  // (optional) Product name
            [], // (optional) Product category, string or array of up to 5 categories
            cartData.productPrice + "", // (recommended) Product price
            quantityAdded + ""  // (optional, default to 1) Product quantity
        );

        if (!cartData.cartCode) {
            cartData.cartCode = "";
        }
        tracker.setCustomVariable(1, "ec_id", cartData.cartCode, "page");
        tracker.trackEcommerceCartUpdate(
            '0'  // (required) Cart amount
        );
    }

    function trackBannerClick_piwik(url) {
        tracker.setCustomVariable(1, "bannerid", url, "page");
        tracker.trackLink(url, 'banner');
    }

    function trackContinueCheckoutClick_piwik() {
        tracker.setCustomVariable(1, "ec_id", "", "page");
        tracker.trackEvent('checkout', 'proceed', '', '');
    }

    function trackShowReview_piwik() {
        tracker.trackEvent('review', 'view', '', '');

    }

    function trackUpdateCart_piwik(productCode, initialQuantity, newQuantity, cartData) {
        // Currently disabled by conscious choice of the Gebr. Heinemann team
        // if (initialQuantity !== newQuantity) {
        //     trackAddToCart_piwik(productCode, newQuantity, cartData);
        // }
    }

    function trackRemoveFromCart_piwik(productCode, initialQuantity, cartData) {
        trackAddToCart_piwik(productCode, 0, cartData);
    }

    window.mediator.subscribe('trackAddToCart', function (data) {
        if (data.productCode && data.quantity) {
            trackAddToCart_piwik(data.productCode, data.quantity, data.cartData);
        }
    });

    window.mediator.subscribe('trackUpdateCart', function (data) {
        if (data.productCode && data.initialCartQuantity && data.newCartQuantity) {
            trackUpdateCart_piwik(data.productCode, data.initialCartQuantity, data.newCartQuantity, data);
        }
    });

    window.mediator.subscribe('trackRemoveFromCart', function (data) {
        if (data.productCode && data.initialCartQuantity) {
            trackRemoveFromCart_piwik(data.productCode, data.initialCartQuantity, data);
        }
    });

    window.mediator.subscribe('trackShowReviewClick', function () {
        trackShowReview_piwik();
    });

    $('.simple-banner').click(function () {
        trackBannerClick_piwik($(this).find("a").prop('href'));
    });

    $('.js-continue-checkout-button').click(function () {
        trackContinueCheckoutClick_piwik();
    });

</script>

<noscript><p><img src="?idsite=1" style="border:0;" alt=""/>
</p></noscript>

<!-- END Addon-Scripts -->
<script async
            data-desktop-y-offset="0"
            data-mobile-y-offset="0"
            data-desktop-disable-reviews="false"
            data-desktop-enable-custom="true"
            data-desktop-custom-width="156"
            data-disable-mobile="false"
            data-disable-trustbadge="false"
            data-mobile-custom-width="145"
            data-mobile-disable-reviews="false"
            data-mobile-enable-custom="true"
            data-color-scheme="light"
            charset="UTF-8"
            src="//widgets.trustedshops.com/js/X12361585E99F7B1FF0B889562403FB1A.js">
    </script>
</body>

</html>
